<mjloggm ver="2.3"><GO type="225" lobby="0"/><UN n0="%E3%82%8C%E3%81%99%E3%81%93" n1="%E5%BE%80%E5%B9%B4%E3%81%AE%E3%82%B4%E3%83%AA%E3%83%A9" n2="%6E%65%6F%E3%82%BD%E3%83%83%E3%82%AF%E3%82%B9%E2%99%AA" n3="%6D%75%75%6D%75%72%61" dan="16,16,16,16" rate="2146.39,2107.31,2154.84,2139.70" sx="F,M,M,F"/><TAIKYOKU oya="0"/><INIT seed="0,0,0,3,5,74" ten="250,250,250,250" oya="0" hai0="31,10,64,81,65,57,89,68,20,63,99,2,17" hai1="105,51,53,75,126,59,48,69,12,121,28,19,71" hai2="103,133,129,61,131,107,87,83,15,49,88,50,85" hai3="122,62,127,98,134,13,42,44,135,96,5,124,86"/><T27/><D68/><U47/><E121/><V38/><F38/><W80/><G122/><T110/><D110/><U32/><E105/><V115/><F115/><W90/><G62/><T46/><D46/><U25/><E75/><V11/><F133/><N who="3" m="50699" /><G13/><N who="0" m="7351" /><D2/><U106/><E106/><V26/><F61/><W130/><G5/><T91/><D99/><N who="3" m="37929" /><G130/><N who="2" m="49673" /><F103/><W118/><G118/><T37/><D37/><AGARI ba="0,0" hai="37,42,44,80,86,90,124,127" m="37929,50699" machi="37" ten="30,1000,0" yaku="20,1" doraHai="74" who="3" fromWho="0" sc="250,-10,250,0,250,0,250,10" /><INIT seed="1,0,0,1,0,94" ten="240,250,250,260" oya="1" hai0="98,69,66,41,114,99,16,89,70,54,106,101,115" hai1="44,47,100,107,40,21,73,83,103,5,63,127,88" hai2="116,87,18,123,43,25,45,128,108,134,122,111,78" hai3="9,113,52,7,14,60,74,119,85,86,121,67,42"/><U97/><E127/><V28/><F116/><W135/><G113/><T53/><D41/><U11/><E21/><V132/><F87/><W79/><G121/><N who="2" m="46089" /><F78/><W120/><G120/><T104/><D66/><U131/><E131/><V117/><F117/><W8/><G119/><T4/><D89/><U96/><E63/><V105/><F105/><W26/><G135/><N who="2" m="51753" /><F128/><W91/><G42/><T20/><D4/><U57/><E57/><V48/><F18/><W61/><G26/><T55/><D115/><U33/><E73/><V34/><AGARI ba="0,0" hai="25,28,34,43,45,48,108,111" m="51753,46089" machi="34" ten="40,1500,0" yaku="20,1" doraHai="94" who="2" fromWho="2" sc="240,-4,250,-7,250,15,260,-4" /><INIT seed="2,0,0,3,2,3" ten="236,243,265,256" oya="2" hai0="76,13,132,95,50,83,61,118,97,23,130,105,77" hai1="69,112,68,66,133,124,32,96,87,58,35,18,51" hai2="2,29,9,39,121,115,75,92,56,10,106,36,129" hai3="65,52,72,128,41,19,99,125,131,7,109,71,90"/><V26/><F106/><W84/><G72/><T21/><D105/><U73/><E73/><V22/><F115/><W89/><G41/><T126/><D132/><U116/><E112/><V47/><F121/><W82/><G109/><T113/><D113/><U88/><E116/><V70/><F70/><W103/><G125/><T114/><D114/><U24/><E133/><V78/><F129/><N who="3" m="49739" /><G19/><T27/><D126/><U30/><E35/><V17/><F92/><N who="3" m="58855" /><G52/><T16/><D130/><U53/><E124/><V57/><F56/><W12/><G65/><T5/><D118/><U1/><E1/><V104/><F10/><N who="3" m="4191" /><G71/><T98/><D61/><U14/><E96/><V43/><F104/><W94/><G94/><T25/><D50/><U6/><E66/><V85/><F75/><W74/><G74/><T110/><D110/><U107/><E107/><V20/><F57/><W0/><G0/><T120/><D120/><U134/><E134/><V67/><F67/><W40/><G40/><T63/><D63/><U86/><E86/><V49/><F9/><W93/><G93/><T46/><D46/><U44/><E58/><V119/><F2/><W91/><AGARI ba="0,0" hai="82,84,89,90,91" m="4191,58855,49739" machi="91" ten="30,2000,0" yaku="19,1,52,1" doraHai="3" who="3" fromWho="3" sc="236,-5,243,-5,265,-10,256,20" /><INIT seed="3,0,0,3,4,111" ten="231,238,255,276" oya="3" hai0="128,120,43,7,99,55,123,6,47,23,124,90,21" hai1="20,56,15,48,51,122,108,16,130,66,110,126,92" hai2="77,88,38,49,39,3,37,91,29,116,24,64,36" hai3="107,58,81,118,46,112,70,26,129,19,74,131,71"/><W34/><G118/><T96/><D128/><N who="3" m="49225" /><G107/><T59/><D124/><U31/><E130/><V10/><N who="2" m="9216" /><DORA hai="135" /><V41/><F116/><W18/><G46/><T32/><D32/><U11/><E122/><V121/><F121/><W62/><G112/><T1/><D1/><U117/><E117/><V67/><F77/><N who="3" m="44215" /><G34/><T5/><D123/><U103/><E126/><V60/><F41/><W61/><G26/><T35/><D35/><U27/><E110/><V101/><F24/><W83/><G83/><T132/><D120/><U50/><E108/><V106/><F106/><W109/><G109/><T73/><D73/><U52/><E66/><V28/><F67/><N who="3" m="41327" /><G71/><T95/><D132/><U97/><AGARI ba="0,0" hai="11,15,16,20,27,31,48,50,51,52,56,92,97,103" machi="97" ten="30,7900,0" yaku="0,1,8,1,54,2" doraHai="111,135" who="1" fromWho="1" sc="231,-20,238,79,255,-20,276,-39" owari="211,-28.9,317,41.7,235,-16.5,237,3.7" /></mjloggm>