<mjloggm ver="2.3"><GO type="169" lobby="0"/><UN n0="%E5%8F%A4%E6%96%AF%E5%A1%94%E5%A4%AB%E4%BA%8C%E4%B8%96" n1="%E3%83%89%E3%82%B8%E3%83%A3%E3%83%BC%E3%82%B9" n2="%E2%80%A0%E7%99%BD%E5%85%8E%E2%80%A0" n3="%E3%83%99%E3%83%A8%E3%83%B3%E3%82%B8%E3%83%A5" dan="16,16,18,16" rate="2176.91,2091.20,2229.55,2104.80" sx="M,M,M,M"/><TAIKYOKU oya="0"/><INIT seed="0,0,0,4,5,46" ten="250,250,250,250" oya="0" hai0="15,5,32,116,34,91,123,25,108,135,115,40,105" hai1="100,118,110,102,62,83,129,98,64,131,42,41,107" hai2="0,30,130,52,126,14,61,60,68,26,81,112,12" hai3="79,47,88,10,89,103,33,23,1,31,97,120,96"/><T92/><D105/><U125/><E118/><V3/><F112/><W21/><G120/><T127/><D116/><U11/><E110/><V86/><F130/><N who="1" m="49673" /><E125/><V76/><F126/><W122/><G122/><T69/><D127/><U72/><E102/><V51/><F0/><W43/><G33/><T111/><D123/><U57/><E11/><V73/><F3/><W134/><G134/><T70/><D115/><U104/><E107/><V94/><F94/><W65/><G65/><T84/><D135/><U19/><E19/><V71/><F71/><N who="0" m="27146" /><D25/><U85/><E72/><V39/><F39/><W101/><G79/><AGARI ba="0,0" hai="41,42,57,62,64,79,83,85,98,100,104" m="49673" machi="79" ten="30,1000,0" yaku="19,1" doraHai="46" who="1" fromWho="3" sc="250,0,250,10,250,0,250,-10" /><INIT seed="1,0,0,5,3,93" ten="250,260,250,240" oya="1" hai0="62,63,89,112,64,82,1,123,114,45,90,115,79" hai1="14,42,29,41,87,4,33,32,81,121,119,48,8" hai2="96,55,44,101,25,60,46,61,78,109,111,116,106" hai3="131,120,105,53,99,80,88,128,98,18,28,51,47"/><U40/><E119/><V84/><F116/><W133/><G120/><T94/><D1/><U3/><E121/><V54/><F25/><W118/><G118/><T127/><D123/><U113/><E113/><V91/><F78/><W97/><G133/><T85/><D127/><U23/><E3/><V104/><F84/><N who="3" m="50183" /><G28/><T68/><D45/><U15/><E48/><V132/><F91/><W65/><G65/><T10/><D10/><U2/><E15/><V75/><F101/><W83/><G83/><T73/><D63/><U76/><REACH who="1" step="1"/><E2/><REACH who="1" ten="250,250,250,240" step="2"/><V102/><F132/><W92/><G105/><T77/><REACH who="0" step="1"/><D73/><REACH who="0" ten="240,250,250,240" step="2"/><U13/><E13/><V124/><F75/><W36/><G36/><T110/><D110/><U7/><E7/><V100/><F124/><W22/><G131/><T50/><D50/><U130/><E130/><V70/><F109/><W135/><G128/><T6/><D6/><U17/><E17/><V43/><F111/><W12/><G135/><T69/><D69/><U59/><E59/><V126/><F70/><W37/><G37/><T49/><D49/><U16/><E16/><V117/><F126/><W20/><G20/><T74/><D74/><U72/><E72/><V86/><F117/><W52/><G53/><T129/><D129/><U30/><E30/><V27/><F55/><W34/><G34/><T35/><D35/><U9/><E9/><V24/><F54/><W26/><G12/><T0/><D0/><U11/><E11/><V134/><F134/><W58/><G58/><T31/><D31/><U103/><E103/><AGARI ba="0,2" hai="18,22,26,47,51,52,92,97,98,99,103" m="50183" machi="103" ten="30,12000,2" yaku="8,1,52,3,54,2" doraHai="93" who="3" fromWho="1" sc="240,0,250,-120,250,0,240,140" /><INIT seed="2,0,0,3,3,35" ten="240,130,250,380" oya="2" hai0="111,125,55,2,43,77,34,118,128,61,120,75,56" hai1="36,12,50,110,14,124,41,52,23,16,64,127,133" hai2="7,26,106,103,1,84,46,96,92,33,28,72,112" hai3="121,19,90,70,126,78,88,31,107,44,74,123,11"/><V85/><F112/><W8/><G70/><T91/><D91/><U129/><E110/><V82/><F46/><W24/><G107/><T20/><D20/><U15/><E129/><V66/><F66/><W37/><G126/><N who="1" m="48170" /><E133/><V54/><F54/><W117/><G117/><T62/><D128/><U99/><E64/><V32/><F32/><W47/><G78/><T57/><D118/><U49/><E49/><V39/><F39/><W116/><G116/><T38/><D111/><U3/><E41/><V102/><F102/><W27/><G37/><T42/><D38/><U135/><E36/><V130/><F130/><W5/><G5/><T114/><D43/><U53/><E135/><V17/><F17/><W73/><G19/><T100/><D42/><U131/><E131/><V87/><F106/><W9/><G9/><T63/><D114/><U95/><E3/><V48/><F48/><W134/><G134/><T81/><D63/><U115/><E115/><V40/><F40/><W71/><G71/><T98/><D2/><U10/><E10/><V58/><F58/><W30/><AGARI ba="0,0" hai="8,11,24,27,30,31,44,47,73,74,88,90,121,123" machi="30" ten="25,6400,0" yaku="0,1,22,2,54,1" doraHai="35" who="3" fromWho="3" sc="240,-16,130,-16,250,-32,380,64" /><INIT seed="3,0,0,5,0,13" ten="224,114,218,444" oya="3" hai0="56,60,41,110,29,129,104,44,20,128,23,86,6" hai1="122,117,79,74,66,3,80,51,63,89,47,15,32" hai2="35,28,75,85,58,81,61,125,24,55,54,22,8" hai3="77,46,26,111,17,65,78,30,103,82,14,94,76"/><W91/><G111/><T38/><D110/><U18/><E3/><V120/><F125/><W5/><G65/><T68/><D104/><U98/><E122/><V52/><F75/><W133/><G133/><T127/><D127/><U84/><E32/><V119/><F119/><W101/><G5/><T83/><D68/><U62/><E117/><V93/><F120/><W39/><G46/><T115/><D6/><U92/><E74/><V16/><F93/><W126/><G39/><T49/><D38/><U43/><REACH who="1" step="1"/><E66/><REACH who="1" ten="224,104,218,444" step="2"/><V42/><F35/><W12/><G126/><T67/><D115/><U27/><E27/><V109/><F109/><W25/><G26/><T132/><D132/><U7/><E7/><V102/><F102/><W96/><G101/><T0/><D0/><U10/><AGARI ba="0,1" hai="10,15,18,43,47,51,62,63,79,80,84,89,92,98" machi="10" ten="20,8000,1" yaku="1,1,0,1,7,1,8,1,52,1,53,0" doraHai="13" doraHaiUra="69" who="1" fromWho="1" sc="224,-20,104,90,218,-20,444,-40" /><INIT seed="4,0,0,5,0,33" ten="204,194,198,404" oya="0" hai0="74,23,47,5,113,34,48,104,68,126,8,129,65" hai1="16,0,94,67,84,3,1,39,108,69,124,127,134" hai2="41,11,92,107,12,73,40,50,83,22,75,55,10" hai3="125,135,99,26,2,105,101,131,49,58,128,29,9"/><T111/><D34/><U76/><E108/><V14/><F107/><W96/><G125/><N who="1" m="48202" /><E134/><V80/><F22/><W121/><G135/><T115/><D126/><U71/><E39/><V100/><F92/><W52/><G96/><T25/><D111/><U43/><E43/><V77/><F100/><W32/><G121/><T122/><D74/><U112/><E112/><N who="0" m="43081" /><D104/><U61/><E16/><V117/><F117/><W62/><REACH who="3" step="1"/><G49/><REACH who="3" ten="204,194,198,394" step="2"/><T42/><D48/><U86/><E86/><V78/><F50/><W59/><G59/><T102/><D122/><U38/><E38/><V114/><F114/><W63/><G63/><T85/><D68/><N who="1" m="42095" /><E76/><V93/><F77/><W46/><G46/><T70/><D47/><U13/><E13/><V31/><F78/><W119/><G119/><T91/><D70/><N who="1" m="26635" /><E84/><V120/><F12/><W116/><G116/><T95/><D85/><U106/><E106/><V15/><F14/><W51/><G51/><T57/><D57/><U18/><E18/><V130/><F15/><W103/><G103/><T89/><D102/><U66/><E94/><V82/><F93/><W97/><G97/><T60/><D95/><U17/><E17/><V110/><F73/><W30/><G30/><T56/><D56/><U45/><E45/><V133/><F75/><W64/><G64/><AGARI ba="0,1" hai="0,1,3,64,66" m="26635,42095,48202" machi="64" ten="40,8000,1" yaku="18,1,52,3" doraHai="33" who="1" fromWho="3" sc="204,0,194,90,198,0,394,-80" /><INIT seed="5,0,0,3,2,22" ten="204,284,198,314" oya="1" hai0="125,85,70,93,61,82,117,84,103,40,6,102,39" hai1="36,65,58,4,112,109,45,54,120,113,108,15,68" hai2="2,12,32,26,10,83,89,29,119,86,37,31,18" hai3="114,0,129,62,97,104,126,110,124,50,9,20,77"/><U133/><E4/><V56/><F119/><W8/><G110/><N who="1" m="42602" /><E15/><V132/><F132/><W35/><G35/><T67/><D117/><U33/><E33/><V17/><F37/><W130/><G77/><T53/><D125/><N who="3" m="48233" /><G62/><T63/><D6/><U106/><E106/><V107/><F107/><W128/><G0/><T121/><D121/><U75/><E75/><V96/><F2/><W88/><G50/><T5/><D5/><U90/><E90/><V80/><F96/><W28/><G114/><N who="1" m="44138" /><E133/><V72/><F72/><W118/><G118/><T116/><D116/><U64/><E68/><V131/><F32/><W44/><G104/><T34/><D70/><U23/><E23/><V69/><F69/><W19/><G28/><T95/><D34/><U41/><E120/><V123/><F123/><W42/><G88/><T66/><D103/><U127/><E127/><V13/><F89/><W74/><G97/><T76/><D102/><U52/><E54/><V46/><F86/><W60/><G74/><T51/><D85/><U7/><E7/><V87/><F87/><W79/><G79/><T81/><D76/><U38/><E36/><V78/><F78/><W135/><G135/><T16/><D84/><U111/><N who="1" m="42610" /><U105/><DORA hai="100" /><E105/><V27/><F10/><W59/><G20/><T47/><D95/><U3/><E3/><V21/><F21/><W115/><G115/><T134/><D93/><U99/><E99/><V30/><F30/><W91/><G91/><T57/><D134/><U94/><E94/><V55/><F29/><W101/><G101/><T1/><D1/><RYUUKYOKU ba="0,0" sc="204,-10,284,30,198,-10,314,-10" hai1="38,41,45,52,58,64,65" /><INIT seed="5,1,0,2,4,99" ten="194,314,188,304" oya="1" hai0="114,86,134,28,87,102,16,52,122,54,89,47,96" hai1="15,77,49,21,42,0,125,18,110,112,51,14,85" hai2="135,78,76,19,73,94,29,48,91,68,44,57,120" hai3="10,8,7,84,121,83,33,63,62,71,36,128,97"/><U12/><E0/><V32/><F68/><W25/><G121/><T3/><D3/><U133/><E112/><V13/><F120/><W103/><G36/><T129/><D114/><U72/><E72/><V81/><F135/><W105/><G128/><T119/><D122/><U123/><E123/><V50/><F78/><W107/><G107/><T95/><D119/><U98/><E133/><V113/><F113/><W35/><G62/><T46/><D134/><U38/><E125/><V27/><F57/><W104/><G104/><T82/><D129/><U109/><E38/><V37/><F44/><N who="0" m="16938" /><D28/><U75/><E75/><V117/><F117/><W11/><G7/><T66/><D66/><U55/><E42/><V4/><F4/><W115/><G115/><T131/><D131/><U70/><E51/><V6/><F6/><W53/><G25/><T5/><D5/><U24/><E70/><V130/><F37/><W126/><G126/><T26/><D87/><U17/><E17/><V108/><F108/><N who="1" m="41577" /><E98/><V2/><F2/><W30/><G30/><T39/><D39/><U1/><E1/><V106/><F130/><W23/><G71/><T74/><D74/><U118/><E118/><V64/><F106/><W80/><G84/><T58/><D58/><N who="1" m="33135" /><E85/><N who="2" m="52591" /><F64/><W22/><G97/><T41/><D41/><U67/><E67/><V90/><F73/><W93/><G105/><T79/><D79/><AGARI ba="1,0" hai="12,14,15,18,21,24,77,79" m="33135,41577" machi="79" ten="30,1500,0" yaku="10,1" doraHai="99" who="1" fromWho="0" sc="194,-18,314,18,188,0,304,0" /><INIT seed="5,2,0,2,0,46" ten="176,332,188,304" oya="1" hai0="75,101,43,81,14,55,18,36,37,113,48,20,92" hai1="27,21,71,100,63,39,66,83,26,95,117,133,7" hai2="130,67,104,116,24,17,64,65,16,91,79,40,131" hai3="44,102,114,5,0,10,35,108,96,1,110,57,53"/><U128/><E117/><V59/><F116/><W70/><G70/><T76/><D113/><U30/><E128/><N who="2" m="49195" /><F104/><W78/><G114/><T135/><D135/><U123/><E123/><V34/><F79/><W122/><G35/><T99/><REACH who="0" step="1"/><D43/><REACH who="0" ten="166,332,188,304" step="2"/><U3/><E133/><V73/><F40/><W29/><G108/><T22/><D22/><U118/><E21/><V74/><F34/><W111/><G110/><T8/><D8/><U94/><E118/><V62/><F24/><W107/><G10/><T15/><D15/><U86/><E27/><V28/><F28/><W11/><G29/><T9/><D9/><U98/><E26/><V93/><F73/><W60/><G111/><T58/><AGARI ba="2,1" hai="14,18,20,36,37,48,55,58,75,76,81,92,99,101" machi="58" ten="20,5200,0" yaku="1,1,0,1,7,1,52,1,53,0" doraHai="46" doraHaiUra="25" who="0" fromWho="0" sc="166,68,332,-28,188,-15,304,-15" /><INIT seed="6,0,0,3,2,75" ten="234,304,173,289" oya="2" hai0="33,47,103,127,126,26,40,86,83,17,117,114,19" hai1="53,122,12,66,134,50,1,69,100,32,109,25,21" hai2="51,71,57,99,2,95,58,7,111,135,18,85,129" hai3="4,35,113,29,72,5,97,133,102,8,76,90,36"/><V49/><F71/><W119/><G119/><T65/><D117/><U112/><E109/><V43/><F111/><W82/><G133/><T105/><D114/><U44/><E1/><V110/><F110/><W37/><G113/><T13/><D65/><U98/><E112/><V123/><F123/><W59/><G4/><T87/><D103/><U104/><E134/><V11/><F135/><W93/><G35/><T116/><D116/><U6/><E6/><V115/><F115/><W39/><G29/><N who="0" m="19639" /><D105/><U31/><E12/><V60/><F129/><W64/><G59/><T80/><D80/><U78/><E78/><V28/><F28/><W22/><G22/><N who="0" m="11567" /><D19/><U92/><E92/><V79/><F18/><W38/><G64/><T128/><D83/><U91/><E91/><V42/><F58/><W34/><G34/><T45/><D45/><U46/><E21/><V94/><F43/><W41/><G36/><N who="0" m="21895" /><D128/><U23/><E23/><V120/><F120/><W130/><G130/><T81/><D81/><U62/><E122/><V56/><F56/><AGARI ba="0,0" hai="25,31,32,44,46,50,53,56,62,66,69,98,100,104" machi="56" ten="30,3900,0" yaku="7,1,25,2" doraHai="75" who="1" fromWho="2" sc="234,0,304,39,173,-39,289,0" /><INIT seed="7,0,0,4,3,0" ten="234,343,134,289" oya="3" hai0="107,129,4,86,115,84,79,2,75,101,104,121,11" hai1="41,72,31,125,19,123,88,135,7,13,133,68,49" hai2="52,43,1,97,65,47,9,122,6,113,94,12,59" hai3="103,46,3,24,32,22,42,95,93,25,131,8,35"/><W54/><G131/><T73/><D121/><U63/><E123/><V23/><F122/><W126/><G126/><T106/><D129/><U82/><E31/><V96/><F113/><W128/><G128/><T16/><D115/><U119/><E7/><V69/><F69/><W102/><G54/><T64/><D64/><U87/><E72/><V51/><F65/><W30/><G35/><T70/><D70/><U39/><E39/><V132/><F132/><W10/><G93/><T98/><D84/><U29/><E29/><V62/><F1/><W91/><G102/><T92/><D16/><U110/><E63/><V33/><F33/><W55/><G55/><T26/><D26/><U53/><E41/><V90/><F23/><W134/><G103/><T34/><D34/><U111/><E68/><V40/><F40/><W48/><G134/><N who="1" m="51210" /><E119/><V21/><F21/><W27/><G27/><T61/><D61/><U36/><E36/><V127/><F127/><W67/><G67/><T109/><D109/><U130/><E125/><V124/><F124/><W89/><G3/><T50/><D50/><U17/><E17/><V20/><F20/><W105/><G105/><T108/><D108/><U100/><E100/><V60/><F62/><W85/><G89/><T15/><D2/><U116/><E116/><V74/><F74/><W83/><G83/><T81/><AGARI ba="0,0" hai="4,11,15,73,75,79,81,86,92,98,101,104,106,107" machi="81" ten="40,2700,0" yaku="0,1,52,1" doraHai="0" who="0" fromWho="0" sc="234,27,343,-7,134,-7,289,-13" owari="261,-13.9,336,43.6,127,-37.3,276,7.6" /></mjloggm>