<mjloggm ver="2.3"><GO type="169" lobby="0"/><UN n0="%E7%94%9F%E5%BE%92%E4%BC%9A%E3%80%90%E5%BA%8F%E3%80%91" n1="%E3%83%8A%E3%82%AB%E3%81%AB%E3%81%97" n2="%E8%B1%9A%E3%81%AE%E7%8E%8B" n3="%E7%BD%AA%E5%88%91%E6%B3%95%E5%AE%9A%E4%B8%BB%E7%BE%A9" dan="16,16,16,16" rate="2108.79,2151.23,2140.48,2126.47" sx="M,M,M,M"/><TAIKYOKU oya="0"/><INIT seed="0,0,0,1,5,115" ten="250,250,250,250" oya="0" hai0="52,15,23,34,8,103,131,3,133,33,66,53,12" hai1="79,47,113,91,51,38,130,27,111,94,30,39,68" hai2="106,116,28,124,105,6,96,100,82,118,61,42,21" hai3="11,134,48,56,22,43,17,60,58,20,44,93,109"/><T24/><D131/><U2/><E68/><V85/><F42/><W74/><G109/><T132/><D103/><U135/><E130/><V64/><F6/><W26/><G74/><T107/><D107/><U121/><E121/><V112/><F112/><W114/><BYE who="1" /><G114/><T99/><D99/><U29/><E29/><V10/><F10/><UN n1="%E3%83%8A%E3%82%AB%E3%81%AB%E3%81%97" /><W80/><G134/><N who="0" m="51819" /><D66/><U49/><E113/><V110/><F110/><W129/><G129/><T36/><D36/><U90/><E2/><V71/><F124/><W62/><G80/><T50/><D3/><U4/><E4/><V95/><F28/><W67/><G93/><T40/><D40/><U65/><E111/><V46/><F46/><W128/><G128/><T45/><D53/><U75/><E65/><V72/><F21/><W7/><G22/><T117/><D117/><N who="2" m="45162" /><F72/><W89/><G7/><N who="0" m="3103" /><D15/><U14/><E14/><V108/><F108/><W98/><G43/><T87/><D87/><U122/><E75/><V41/><F41/><W92/><G11/><T70/><D70/><U54/><E135/><V102/><F102/><W55/><G62/><T25/><D25/><U81/><E39/><V59/><F71/><AGARI ba="0,0" hai="17,20,26,44,48,55,56,58,60,67,71,89,92,98" machi="71" ten="30,1000,0" yaku="7,1" doraHai="115" who="3" fromWho="2" sc="250,0,250,0,250,-10,250,10" /><INIT seed="1,0,0,3,0,127" ten="250,250,240,260" oya="1" hai0="69,34,94,60,50,89,6,16,38,33,75,63,108" hai1="24,134,77,103,76,92,41,43,87,86,44,131,106" hai2="78,121,49,18,96,32,17,48,7,2,83,98,113" hai3="91,36,20,51,5,61,40,115,132,90,22,64,39"/><U27/><E134/><V58/><F32/><W37/><G115/><T66/><D38/><U99/><E106/><V125/><F121/><W26/><G132/><T59/><D75/><U71/><E71/><V8/><F125/><W116/><G116/><T42/><D108/><U53/><E53/><V35/><F35/><W107/><G107/><T62/><D6/><U65/><E65/><V102/><F113/><W101/><G101/><T1/><D1/><U84/><E131/><V31/><F31/><W73/><G73/><T110/><D110/><U9/><E9/><V47/><F58/><W123/><G123/><T104/><D104/><U117/><E117/><V30/><F30/><W111/><G111/><T135/><D135/><U133/><E133/><V128/><F128/><W122/><G122/><T4/><D4/><U114/><E114/><V28/><F28/><W93/><G5/><T12/><D62/><U105/><E105/><V95/><F98/><W55/><G40/><N who="1" m="15434" /><E44/><V82/><F48/><W119/><G119/><T52/><D63/><U126/><E126/><V54/><REACH who="2" step="1"/><F82/><REACH who="2" ten="250,250,230,260" step="2"/><W25/><G39/><T11/><REACH who="0" step="1"/><D42/><REACH who="0" ten="240,250,230,260" step="2"/><U70/><E70/><V124/><F124/><W10/><G37/><T81/><D81/><U19/><E19/><V97/><F97/><AGARI ba="0,2" hai="11,12,16,33,34,50,52,59,60,66,69,89,94,97" machi="97" ten="30,8000,1" yaku="1,1,7,1,54,2,53,1" doraHai="127" doraHaiUra="88" who="0" fromWho="2" sc="240,100,250,0,230,-80,260,0" /><INIT seed="2,0,0,5,0,29" ten="340,250,150,260" oya="2" hai0="24,37,38,128,118,114,46,121,87,58,68,43,41" hai1="33,85,113,8,74,30,98,96,32,11,52,129,44" hai2="53,105,59,78,97,108,91,64,25,132,93,131,61" hai3="5,122,67,48,55,95,90,50,42,45,6,116,20"/><V3/><F3/><W69/><G116/><T133/><D121/><U4/><E74/><V0/><F0/><W117/><G117/><T130/><D118/><U49/><E113/><V66/><F132/><W70/><G122/><T83/><D114/><U89/><E129/><N who="0" m="49769" /><D68/><U26/><E11/><V79/><F131/><W47/><G20/><T62/><D24/><U35/><E96/><V12/><F105/><W111/><G111/><T51/><D133/><U84/><E98/><V127/><F127/><W103/><G103/><T18/><D18/><U106/><E106/><V109/><F12/><W22/><G22/><T63/><D63/><U82/><E85/><V23/><F66/><W124/><G124/><T57/><D57/><U15/><AGARI ba="0,0" hai="4,8,15,26,30,32,33,35,44,49,52,82,84,89" machi="15" ten="20,12000,2" yaku="0,1,7,1,52,3,54,1" doraHai="29" who="1" fromWho="1" sc="340,-30,250,120,150,-60,260,-30" /><INIT seed="3,0,0,1,2,37" ten="310,370,90,230" oya="3" hai0="129,68,38,27,107,20,52,93,76,133,108,114,92" hai1="33,123,112,106,16,3,54,103,21,96,101,118,70" hai2="69,62,78,111,109,134,110,2,25,34,32,84,86" hai3="1,63,49,59,9,29,11,126,17,60,82,43,89"/><W131/><G131/><T7/><D107/><U13/><E123/><V53/><F2/><W115/><G115/><T105/><D105/><U14/><E112/><V8/><F8/><W90/><G126/><T15/><D114/><U45/><E3/><V61/><F78/><W102/><G102/><T58/><D68/><U47/><E33/><N who="2" m="12907" /><F69/><W36/><G29/><T75/><D129/><U66/><E118/><V6/><F25/><W127/><G127/><T50/><D38/><U22/><E101/><V121/><F6/><W65/><G36/><T132/><D108/><N who="2" m="27650" /><V113/><DORA hai="100" /><F113/><W4/><G82/><N who="0" m="45343" /><D15/><U72/><E72/><V83/><F83/><W74/><G74/><T64/><D64/><U57/><E66/><V30/><F30/><W41/><G63/><N who="2" m="24073" /><F53/><W26/><G49/><T125/><D7/><U97/><E70/><V12/><F12/><W85/><G11/><T28/><D125/><U19/><E97/><V124/><F124/><W135/><G26/><T39/><D39/><U95/><E106/><V31/><F31/><W44/><G1/><T116/><D116/><U88/><E103/><V104/><F104/><W46/><G4/><T10/><D10/><U24/><E24/><V71/><F71/><W23/><G9/><T67/><D67/><U55/><E54/><V5/><F5/><W117/><G65/><T18/><D28/><U87/><E96/><V120/><F134/><AGARI ba="0,0" hai="18,20,27,50,52,58,92,93,132,133,134" m="45343" machi="134" ten="30,2000,0" yaku="20,1,54,1" doraHai="37,100" who="0" fromWho="2" sc="310,20,370,0,90,-20,230,0" /><INIT seed="4,0,0,2,5,115" ten="330,370,70,230" oya="0" hai0="11,74,79,27,122,111,116,9,105,2,43,49,62" hai1="36,67,46,15,132,20,90,63,81,72,133,5,78" hai2="93,22,112,4,76,89,57,114,85,50,17,26,7" hai3="37,98,3,6,41,65,70,102,71,23,119,75,125"/><T129/><D122/><U99/><E90/><V60/><F114/><W101/><G23/><T38/><D105/><U110/><E110/><V56/><F112/><W28/><G28/><T82/><D111/><U106/><E20/><V12/><F76/><W25/><G25/><T39/><D129/><U120/><E15/><V100/><F100/><W77/><G125/><T84/><D62/><U19/><E19/><V1/><F1/><W34/><G34/><T51/><D27/><U73/><E73/><V33/><F33/><W61/><G71/><T134/><D134/><U86/><E86/><V135/><F135/><W18/><G18/><T131/><D131/><U13/><E13/><V87/><F87/><W16/><G16/><T127/><D127/><U118/><E5/><V29/><F29/><W35/><G35/><T103/><D103/><N who="1" m="62847" /><E120/><V54/><REACH who="2" step="1"/><F26/><REACH who="2" ten="330,370,60,230" step="2"/><W8/><G98/><T58/><D2/><U126/><E133/><V88/><F88/><W121/><G121/><T117/><D84/><U31/><E31/><V53/><AGARI ba="0,1" hai="4,7,12,17,22,50,53,54,56,57,60,85,89,93" machi="53" ten="20,12000,2" yaku="1,1,0,1,7,1,25,2,8,1,53,0" doraHai="115" doraHaiUra="130" who="2" fromWho="2" sc="330,-60,370,-30,60,130,230,-30" /><INIT seed="5,0,0,0,1,17" ten="270,340,190,200" oya="1" hai0="78,46,134,45,32,129,133,34,92,71,91,119,6" hai1="93,19,12,1,126,81,75,102,11,90,29,84,47" hai2="96,132,57,100,23,35,109,10,28,63,86,18,113" hai3="9,80,56,49,73,33,82,16,31,4,48,115,24"/><U0/><E126/><V105/><F109/><W116/><G115/><T44/><D119/><U121/><E121/><V104/><F113/><W62/><G116/><T30/><D71/><U72/><E29/><V85/><F132/><N who="0" m="50794" /><D6/><U98/><REACH who="1" step="1"/><E47/><REACH who="1" ten="270,330,190,200" step="2"/><V108/><F108/><W99/><G31/><T20/><D30/><U135/><E135/><V107/><F28/><W50/><G33/><T74/><D34/><U27/><E27/><V2/><F35/><W88/><G24/><T130/><D32/><U54/><E54/><V59/><F59/><W58/><G56/><T128/><D46/><U106/><E106/><V53/><F107/><W87/><G58/><T67/><D67/><U21/><E21/><V111/><F105/><W125/><G125/><T123/><D123/><U14/><E14/><V52/><F53/><W76/><G9/><T97/><D20/><U55/><E55/><V7/><REACH who="2" step="1"/><F111/><REACH who="2" ten="270,330,180,200" step="2"/><W114/><G114/><T51/><D130/><U61/><E61/><V110/><F110/><W101/><G62/><T94/><D129/><U122/><E122/><V79/><F79/><W103/><G76/><T77/><D128/><U3/><AGARI ba="0,2" hai="0,1,3,11,12,19,72,75,81,84,90,93,98,102" machi="3" ten="30,6000,0" yaku="1,1,0,1,53,1" doraHai="17" doraHaiUra="15" who="1" fromWho="1" sc="270,-20,330,80,180,-20,200,-20" /><INIT seed="5,1,0,4,3,82" ten="250,410,160,180" oya="1" hai0="18,91,80,119,112,35,10,86,85,133,116,102,134" hai1="60,12,32,51,9,88,79,30,114,34,131,70,48" hai2="53,125,123,4,5,132,1,24,81,67,56,22,100" hai3="96,128,68,17,93,65,36,87,11,97,126,2,13"/><U106/><E106/><V64/><F123/><W121/><G121/><T127/><D35/><U42/><E79/><V21/><F132/><N who="0" m="50794" /><D112/><U0/><E114/><V19/><F125/><W57/><G126/><T75/><D127/><U89/><E0/><V55/><F100/><W90/><G128/><T83/><D18/><U69/><E131/><V45/><F1/><W76/><G36/><T124/><D10/><U129/><E129/><V111/><F111/><W44/><G68/><T105/><D75/><U117/><E30/><V108/><F108/><W113/><G113/><T130/><D124/><U8/><E12/><V47/><F81/><W25/><G2/><T54/><D54/><U115/><E115/><V43/><F43/><W122/><G122/><T72/><D72/><U14/><E14/><V110/><F110/><W101/><G25/><T58/><D58/><U46/><E60/><V98/><F98/><W15/><G15/><T40/><D40/><U52/><E42/><V66/><F22/><W62/><G44/><N who="2" m="16969" /><F55/><W107/><REACH who="3" step="1"/><G76/><REACH who="3" ten="250,410,160,170" step="2"/><N who="0" m="46215" /><D130/><U6/><E46/><V16/><F19/><W38/><G38/><T78/><D78/><U37/><E37/><V94/><F94/><W28/><G28/><T61/><D105/><U84/><E70/><V29/><F29/><W103/><G103/><T41/><D102/><U31/><E31/><V33/><F33/><W109/><G109/><T120/><D120/><U92/><E69/><V95/><F95/><W71/><G71/><T49/><D41/><U23/><E32/><V27/><F27/><W26/><G26/><T135/><D135/><RYUUKYOKU ba="1,1" sc="250,-15,410,-15,160,15,170,15" hai2="4,5,16,21,24,53,56,64,66,67" hai3="11,13,17,57,62,65,87,90,93,96,97,101,107" /><INIT seed="6,2,1,2,3,76" ten="235,395,175,185" oya="2" hai0="65,74,126,81,53,68,2,63,88,37,103,20,92" hai1="48,55,123,104,49,82,127,105,112,58,60,89,15" hai2="106,35,39,93,54,108,18,115,97,59,94,13,47" hai3="90,71,107,28,84,125,101,34,111,133,122,118,110"/><V45/><F35/><W99/><G71/><T78/><D37/><U43/><E127/><V69/><F69/><W29/><G29/><T70/><D70/><U95/><E112/><V85/><F115/><W119/><G28/><T61/><D126/><U11/><E123/><V86/><F106/><W77/><G34/><T134/><D2/><U130/><E130/><V6/><F6/><W62/><G62/><T8/><D8/><U124/><E124/><V36/><F108/><N who="3" m="41515" /><G125/><T51/><D134/><U100/><E100/><N who="2" m="60463" /><F36/><W91/><G122/><T87/><D63/><U80/><E105/><V75/><F75/><W1/><G1/><T44/><D103/><U102/><E102/><V14/><F39/><W83/><G133/><T67/><D20/><U132/><E104/><V117/><F117/><AGARI ba="2,1" hai="77,83,84,90,91,99,101,107,117,118,119" m="41515" machi="117" ten="30,3900,0" yaku="34,2,52,1" doraHai="76" who="3" fromWho="2" sc="235,0,395,0,175,-45,185,55" /><INIT seed="7,0,0,5,5,119" ten="235,395,130,240" oya="3" hai0="82,133,27,37,45,17,122,132,102,62,73,10,134" hai1="93,20,66,116,3,77,12,90,114,100,120,23,85" hai2="63,88,53,41,60,68,89,126,39,40,52,5,92" hai3="107,128,22,69,105,55,1,80,8,103,18,75,118"/><W6/><G118/><T106/><D122/><U79/><E120/><V13/><F68/><W72/><G69/><T56/><D102/><U48/><E3/><V31/><F39/><W36/><G36/><T58/><D106/><U30/><E114/><V11/><F126/><W65/><G65/><T35/><D10/><U64/><E116/><V7/><F31/><W113/><G113/><T91/><D91/><U121/><E121/><V124/><F124/><W25/><G128/><T51/><D37/><U24/><E100/><V29/><F29/><W129/><G129/><T2/><D2/><U15/><E48/><V16/><F89/><W84/><G55/><N who="2" m="21065" /><F7/><W83/><G83/><T4/><D4/><U86/><E15/><V97/><F5/><W71/><G71/><T108/><D108/><U26/><E12/><V112/><F112/><W19/><G19/><T135/><D132/><U21/><E21/><V50/><F50/><W111/><G111/><T57/><D17/><N who="1" m="12303" /><E85/><V59/><F59/><W32/><G32/><T98/><D35/><U70/><E70/><V115/><F115/><W9/><G9/><T123/><D134/><U46/><E46/><V78/><F78/><AGARI ba="0,0" hai="23,26,30,64,66,77,78,79,86,90,93" m="12303" machi="78" ten="30,1000,0" yaku="8,1" doraHai="119" who="1" fromWho="2" sc="235,0,395,10,130,-10,240,0" owari="235,-16.5,405,50.5,120,-38.0,240,4.0" /></mjloggm>