<mjloggm ver="2.3"><GO type="185" lobby="0"/><UN n0="%E3%83%9E%E3%83%83%E3%83%88%E3%83%98%E3%83%AB%E3%82%B9" n1="%73%6C%69%76%65%37%37%37" n2="%E3%81%97%E3%82%85%E3%82%89%E3%82%8B" n3="" dan="17,17,17,0" rate="2238.52,2369.75,2260.34,1500.00" sx="M,M,M,C"/><TAIKYOKU oya="0"/><INIT seed="0,0,0,5,0,73" ten="350,350,350,0" oya="0" hai0="1,52,3,107,134,2,120,71,87,63,91,74,104" hai1="117,108,77,99,125,47,121,66,53,100,110,98,89" hai2="131,70,76,33,62,130,80,36,96,106,115,79,118" hai3=""/><T90/><N who="0" m="30752" /><T41/><D134/><U124/><N who="1" m="31008" /><U112/><E66/><V113/><F33/><T97/><D74/><U56/><E117/><V65/><F36/><T132/><D132/><U85/><E47/><V86/><F118/><T57/><D71/><U78/><E53/><V42/><F42/><T83/><D41/><U72/><E72/><V64/><F64/><T102/><REACH who="0" step="1"/><D90/><REACH who="0" ten="340,350,350,0" step="2"/><U94/><E112/><V61/><F115/><T123/><N who="0" m="31520" /><T67/><D67/><U48/><E125/><V105/><F113/><T32/><D32/><U95/><E124/><V114/><F114/><T119/><D119/><U51/><E110/><V60/><F70/><T75/><D75/><U116/><E108/><V126/><F126/><T0/><N who="0" m="0" /><DORA hai="58" /><T35/><D35/><U49/><E116/><V55/><F65/><T109/><D109/><U93/><E56/><V101/><F55/><T34/><D34/><U133/><E133/><V68/><F68/><T127/><D127/><U39/><E39/><V54/><F54/><T37/><D37/><U50/><N who="1" m="12288" /><DORA hai="128" /><U46/><REACH who="1" step="1"/><E46/><REACH who="1" ten="340,340,350,0" step="2"/><V111/><F111/><T82/><D82/><U129/><E129/><V44/><F44/><T103/><D103/><AGARI ba="0,2" hai="77,78,85,89,93,94,95,98,99,100,103" m="12288,31008" machi="103" ten="50,16000,3" yaku="1,1,9,1,8,1,52,3,53,3" doraHai="73,58,128" doraHaiUra="43,88,59" who="1" fromWho="0" sc="340,-160,340,180,350,0,0,0" /><INIT seed="1,0,0,3,5,86" ten="180,520,350,0" oya="1" hai0="52,135,37,61,110,51,119,93,2,77,117,121,38" hai1="79,72,109,66,42,112,128,3,67,57,55,134,94" hai2="91,104,89,132,54,80,123,99,69,33,92,46,56" hai3=""/><U60/><E3/><V1/><N who="2" m="31520" /><V40/><F1/><T71/><N who="0" m="31008" /><T43/><D2/><U84/><E112/><V58/><F69/><T35/><D35/><U73/><E42/><V70/><F70/><T53/><D77/><U133/><E128/><V47/><F33/><T116/><D93/><U49/><E67/><V131/><F131/><T107/><D107/><U0/><E0/><V120/><N who="2" m="30752" /><V115/><F115/><T118/><N who="0" m="29696" /><DORA hai="76" /><T95/><D95/><U45/><E109/><V65/><F104/><T103/><D103/><U81/><REACH who="1" step="1"/><E94/><REACH who="1" ten="180,510,350,0" step="2"/><V90/><F65/><T59/><D110/><U108/><E108/><V32/><F32/><T96/><D96/><U111/><E111/><V63/><F99/><T88/><D43/><U85/><E85/><V114/><F114/><T106/><D106/><U68/><E68/><V75/><F92/><T124/><D71/><U126/><E126/><V50/><F40/><T74/><D124/><U39/><E39/><V64/><REACH who="2" step="1"/><F132/><AGARI ba="0,1" hai="45,49,55,57,60,66,72,73,79,81,84,132,133,134" machi="132" ten="40,12000,1" yaku="1,1,20,1,52,1,53,2" doraHai="86,76" doraHaiUra="82,48" who="1" fromWho="2" sc="180,0,510,130,350,-120,0,0" /><INIT seed="1,1,0,2,0,32" ten="180,640,230,0" oya="1" hai0="73,39,105,97,121,35,100,1,128,134,111,85,89" hai1="118,70,117,60,119,57,107,50,63,0,40,129,77" hai2="126,78,90,104,79,56,71,48,3,41,58,99,132" hai3=""/><U94/><E107/><V113/><F71/><T38/><N who="0" m="31008" /><T127/><D35/><U122/><N who="1" m="31264" /><U45/><E129/><V101/><F126/><T96/><D128/><U68/><E0/><V95/><F132/><T37/><D127/><U44/><E77/><V82/><F113/><T98/><D134/><U46/><E94/><V102/><F79/><T2/><D73/><U87/><E87/><V108/><F108/><T52/><D111/><U130/><E130/><V115/><F115/><T36/><N who="0" m="9216" /><DORA hai="65" /><T69/><D69/><N who="1" m="26731" /><E63/><V76/><F76/><T93/><REACH who="0" step="1"/><D52/><AGARI ba="1,0" hai="40,44,45,46,50,52,57,60,117,118,119" m="26731,31264" machi="52" ten="40,18000,2" yaku="34,2,52,4,54,1" doraHai="32,65" who="1" fromWho="0" sc="180,-182,640,182,230,0,0,0" owari="-2,-60.2,822,77.2,230,-17.0,0,0.0" /></mjloggm>