<mjloggm ver="2.3"><GO type="225" lobby="0"/><UN n0="%E3%81%86%E3%82%8C%E3%81%9F%E3%82%93%E6%9E%95" n1="%E6%98%93%E5%88%A9%E8%96%A9%E4%BC%AF" n2="%72%61%6B%33" n3="%E3%82%B7%E3%83%B3%E5%A4%AA%E6%9C%97" dan="16,16,16,16" rate="2169.37,2109.13,2218.35,2131.11" sx="F,F,M,M"/><TAIKYOKU oya="0"/><INIT seed="0,0,0,5,5,86" ten="250,250,250,250" oya="0" hai0="24,93,44,27,115,20,50,45,22,39,109,14,87" hai1="131,12,65,67,4,55,60,1,10,124,75,0,118" hai2="33,88,57,15,90,133,113,61,105,2,91,132,5" hai3="99,74,102,51,127,73,13,40,58,112,68,3,31"/><T111/><D115/><U16/><E118/><V19/><F113/><W69/><G3/><T23/><D39/><U95/><E75/><V106/><F33/><W52/><G112/><T28/><D14/><U56/><E124/><V53/><F5/><W49/><G127/><T119/><D119/><U46/><E131/><V120/><F2/><W121/><G121/><T100/><D20/><U85/><E46/><V11/><REACH who="2" step="1"/><F120/><REACH who="2" ten="250,250,240,250" step="2"/><W123/><G123/><T94/><D100/><U72/><E1/><V134/><AGARI ba="0,1" hai="11,15,19,53,57,61,88,90,91,105,106,132,133,134" machi="134" ten="40,16000,3" yaku="1,1,2,1,0,1,20,1,52,3,54,1,53,0" doraHai="86" doraHaiUra="25" who="2" fromWho="2" sc="250,-80,250,-40,240,170,250,-40" /><INIT seed="1,0,0,4,2,26" ten="170,210,410,210" oya="1" hai0="16,34,131,58,2,40,113,90,15,48,43,36,73" hai1="13,46,76,100,107,74,121,56,78,79,83,132,52" hai2="77,23,105,91,31,118,104,7,129,126,84,60,70" hai3="86,66,25,89,28,6,108,92,49,41,124,103,116"/><U88/><E121/><V38/><F38/><W37/><G108/><T3/><D113/><U4/><E132/><V32/><F118/><W82/><G116/><T63/><D131/><U50/><E107/><V94/><F32/><W128/><G128/><T12/><D36/><U111/><E111/><V33/><F33/><W39/><G124/><T19/><D34/><U96/><E100/><V18/><F129/><W135/><G135/><T65/><D73/><U122/><E122/><V80/><F7/><W71/><G6/><T29/><D29/><U133/><E133/><V59/><F70/><W99/><G41/><T110/><D110/><U68/><E68/><V22/><F126/><W115/><G49/><T61/><D90/><U125/><E125/><V44/><F44/><W53/><G53/><T98/><D98/><U42/><E13/><V27/><F22/><W57/><G71/><T87/><D87/><U47/><E4/><V54/><REACH who="2" step="1"/><F18/><REACH who="2" ten="170,210,400,210" step="2"/><W97/><G115/><T51/><D58/><U109/><E109/><V95/><F95/><W106/><G57/><T14/><D14/><U85/><E47/><V11/><F11/><W62/><G39/><T134/><D134/><U127/><E127/><V21/><F21/><W112/><G37/><T35/><D35/><U72/><REACH who="1" step="1"/><E96/><AGARI ba="0,1" hai="23,27,31,54,59,60,77,80,84,91,94,96,104,105" machi="96" ten="30,3900,0" yaku="1,1,7,1,52,1,53,0" doraHai="26" doraHaiUra="69" who="2" fromWho="1" sc="170,0,210,-39,400,49,210,0" /><INIT seed="2,0,0,5,5,65" ten="170,171,449,210" oya="2" hai0="26,7,43,3,11,10,18,100,16,129,73,21,59" hai1="126,99,125,74,122,13,69,120,106,41,48,110,29" hai2="76,128,107,97,101,30,14,61,66,54,20,56,123" hai3="34,60,86,36,88,17,92,133,114,117,119,127,32"/><V135/><F128/><W62/><G127/><N who="1" m="48650" /><E29/><V67/><F135/><W40/><G36/><T94/><D73/><U70/><E74/><V9/><F123/><N who="1" m="47145" /><E110/><V52/><F76/><W104/><G40/><T116/><D116/><U90/><E13/><V44/><F44/><W87/><G104/><T50/><D129/><U0/><E0/><V78/><F78/><W12/><G114/><T83/><D11/><U19/><E19/><V91/><F91/><W28/><G133/><T77/><D18/><U25/><E25/><V75/><F75/><W80/><G34/><T103/><D94/><N who="1" m="56791" /><E106/><V38/><F38/><W115/><G115/><T53/><D77/><U46/><AGARI ba="0,0" hai="41,46,48,69,70" m="56791,47145,48650" machi="46" ten="40,8000,1" yaku="18,1,13,1,52,2" doraHai="65" who="1" fromWho="1" sc="170,-20,171,80,449,-40,210,-20" /><INIT seed="3,0,0,0,0,12" ten="150,251,409,190" oya="3" hai0="14,130,68,112,109,5,85,19,107,3,30,13,56" hai1="108,97,58,96,22,124,80,63,27,50,106,32,84" hai2="15,46,93,116,8,87,77,99,91,65,70,60,0" hai3="120,118,28,59,24,55,64,2,79,43,89,100,75"/><W17/><G2/><T81/><D107/><U129/><E32/><V42/><F116/><W122/><G118/><T44/><D109/><U134/><E108/><V76/><F0/><W39/><G100/><T34/><D130/><U4/><E134/><V115/><F115/><W127/><G127/><T6/><D112/><U21/><E4/><V104/><F104/><W126/><G126/><T128/><D128/><U117/><E129/><V33/><F33/><W23/><G64/><T31/><D68/><U123/><E123/><V125/><F99/><W69/><G69/><T54/><D3/><U98/><E124/><V25/><F25/><W36/><G79/><T131/><D131/><U61/><E106/><V135/><F135/><W35/><G75/><T103/><D103/><U95/><E22/><V110/><F110/><W92/><G36/><T16/><D44/><U7/><E7/><N who="0" m="2569" /><D34/><U67/><E95/><V105/><F105/><W20/><G35/><T71/><D71/><U47/><E63/><V113/><F113/><W90/><G39/><T114/><D114/><U57/><E47/><V48/><F125/><W18/><G43/><T29/><D13/><U132/><E132/><V66/><F66/><W82/><G120/><T1/><D14/><U52/><E117/><V88/><F91/><N who="3" m="34827" /><G122/><T102/><D1/><U83/><E84/><V9/><F9/><W49/><G82/><T121/><D121/><U37/><E37/><V38/><F38/><W119/><G119/><T72/><D72/><U51/><E51/><V78/><F78/><W62/><G92/><T10/><D10/><RYUUKYOKU ba="0,0" sc="150,-15,251,15,409,15,190,-15" hai1="21,27,50,52,57,58,61,67,80,83,96,97,98" hai2="8,15,42,46,48,60,65,70,76,77,87,88,93" owari="135,-36.5,266,6.6,424,52.4,175,-22.5" /></mjloggm>