<mjloggm ver="2.3"><GO type="169" lobby="0"/><UN n0="%43%68%61%72%6F%2E" n1="%E3%81%8B%E3%81%97%E3%81%8B%E3%81%8A" n2="%E3%83%8F%E3%83%9E%E3%83%BC" n3="%E8%A5%BF%E8%88%B9%E6%A9%8B%E3%83%A1%E3%83%88%E3%83%AD%E3%83%94%E3%82%A2" dan="17,16,18,16" rate="2191.43,2163.12,2255.35,2128.01" sx="M,M,M,M"/><TAIKYOKU oya="0"/><INIT seed="0,0,0,4,3,35" ten="250,250,250,250" oya="0" hai0="81,88,57,72,54,40,69,36,71,118,34,90,96" hai1="50,104,56,132,97,92,8,2,83,16,130,6,30" hai2="135,45,77,100,46,21,53,82,95,126,105,65,25" hai3="26,129,107,18,24,108,78,9,86,114,106,87,84"/><T4/><D118/><U111/><E111/><V47/><F135/><W68/><G114/><T75/><D34/><U48/><E132/><V64/><F105/><W7/><G108/><T3/><D71/><U20/><E130/><V29/><F126/><W42/><G129/><T1/><D69/><U123/><E123/><V120/><F120/><W91/><G42/><T117/><D117/><U115/><E115/><V22/><F53/><W102/><G78/><T49/><D96/><U55/><E104/><V51/><F51/><W98/><G91/><T121/><D121/><U11/><E11/><V17/><F95/><W23/><G106/><T0/><D4/><U67/><E67/><V10/><F10/><W70/><REACH who="3" step="1"/><G26/><REACH who="3" ten="250,250,250,240" step="2"/><T19/><D90/><U38/><E38/><V33/><F100/><W94/><G94/><T66/><D66/><U39/><E39/><V62/><F65/><W113/><G113/><T116/><D116/><U124/><E124/><V14/><F77/><W63/><G63/><T28/><D40/><U89/><E83/><V44/><F82/><W93/><G93/><T128/><D36/><U58/><E48/><V133/><F133/><W122/><G122/><T109/><D128/><U103/><E103/><V131/><F131/><W110/><G110/><T73/><D109/><U31/><REACH who="1" step="1"/><E58/><REACH who="1" ten="250,240,250,240" step="2"/><V61/><F64/><W5/><G5/><T74/><D81/><U80/><E80/><V85/><F47/><W59/><G59/><T76/><D57/><U43/><E43/><V125/><F125/><W37/><G37/><T41/><N who="0" m="18432" /><DORA hai="127" /><T99/><D41/><RYUUKYOKU ba="0,2" sc="250,-15,240,15,250,-15,240,15" hai1="2,6,8,16,20,30,31,50,55,56,89,92,97" hai3="7,9,18,23,24,68,70,84,86,87,98,102,107" /><INIT seed="1,1,2,4,2,87" ten="235,255,235,255" oya="1" hai0="0,1,6,64,34,38,113,28,128,39,42,112,63" hai1="5,127,76,29,101,7,97,15,53,115,108,46,133" hai2="47,91,122,74,71,89,54,103,44,41,111,109,52" hai3="90,83,96,51,3,68,55,36,66,120,135,84,77"/><U2/><E115/><V45/><F122/><W13/><G120/><T4/><D128/><U26/><E127/><V123/><F123/><W98/><G3/><T99/><D99/><U61/><E133/><V132/><F74/><W17/><G36/><T60/><D28/><U79/><E108/><N who="2" m="41547" /><F132/><W65/><G135/><T11/><D11/><U107/><E2/><V30/><F71/><W106/><G68/><T75/><D75/><U85/><E15/><V124/><F124/><W92/><G98/><T50/><D50/><U10/><E10/><V40/><F30/><W14/><G106/><T93/><D93/><U21/><E46/><N who="2" m="18027" /><F103/><W125/><G125/><T82/><D82/><U57/><REACH who="1" step="1"/><E85/><REACH who="1" ten="235,245,235,255" step="2"/><V49/><F40/><W37/><G14/><T131/><D42/><U102/><E102/><V25/><F25/><W100/><G100/><T81/><D112/><U9/><E9/><V110/><F110/><W105/><G105/><T69/><D113/><U130/><E130/><V16/><F16/><W62/><G17/><T48/><D131/><U8/><E8/><V104/><F104/><W56/><G13/><T114/><D114/><U117/><E117/><V88/><AGARI ba="1,3" hai="41,47,49,52,54,88,89,91" m="18027,41547" machi="88" ten="40,12000,2" yaku="14,1,52,3,54,2" doraHai="87" who="2" fromWho="2" sc="235,-31,245,-61,235,153,255,-31" /><INIT seed="2,0,0,1,0,94" ten="204,184,388,224" oya="2" hai0="129,99,11,19,58,123,13,104,81,126,20,24,67" hai1="53,70,77,4,109,112,35,98,116,135,48,6,118" hai2="2,21,80,88,3,34,29,64,84,27,68,65,69" hai3="89,78,22,17,111,83,66,92,57,130,115,95,5"/><V39/><F39/><W30/><G111/><T86/><D126/><U71/><E112/><V37/><F37/><W113/><G130/><T63/><D129/><U44/><E35/><V14/><F14/><W23/><G5/><T124/><D124/><U50/><E109/><V62/><REACH who="2" step="1"/><F34/><REACH who="2" ten="204,184,378,224" step="2"/><W46/><G115/><T9/><D123/><U133/><E118/><V49/><F49/><W114/><G113/><T93/><D104/><U56/><E116/><V76/><F76/><W97/><G114/><T105/><D105/><U127/><E77/><V125/><F125/><W117/><G117/><T100/><D13/><U134/><E127/><V75/><F75/><W41/><G78/><AGARI ba="0,1" hai="9,11,19,20,24,58,63,67,78,81,86,93,99,100" machi="78" ten="30,3900,0" yaku="7,1,8,1,52,1" doraHai="94" who="0" fromWho="3" sc="204,49,184,0,378,0,224,-39" /><INIT seed="3,0,0,3,4,55" ten="253,184,378,185" oya="3" hai0="98,56,78,39,25,64,26,104,60,95,42,73,10" hai1="20,96,17,82,125,19,63,130,127,105,29,31,85" hai2="49,123,33,37,53,12,52,132,106,18,110,16,135" hai3="103,94,97,27,67,61,108,0,68,113,83,109,116"/><W100/><G113/><T128/><D104/><U51/><E130/><V24/><F106/><W69/><G116/><T28/><D128/><U74/><E74/><V76/><F37/><W6/><G100/><T35/><D10/><U47/><E63/><V57/><F110/><N who="3" m="42603" /><G83/><T133/><D133/><N who="2" m="51274" /><F123/><W75/><G75/><T38/><D42/><U59/><E96/><V41/><F76/><W32/><G6/><T36/><D25/><U117/><E105/><V44/><F12/><W87/><G87/><T34/><D78/><U126/><E117/><V93/><F93/><W50/><G50/><T3/><D3/><U122/><E122/><V5/><F5/><W112/><G0/><T58/><D73/><U129/><E129/><V65/><F65/><W120/><G120/><T46/><D34/><U81/><E81/><V101/><F101/><W11/><G11/><T77/><D77/><U22/><E85/><V66/><F66/><W40/><G40/><T48/><D48/><U8/><E82/><V118/><F118/><W134/><G134/><T91/><REACH who="0" step="1"/><D46/><REACH who="0" ten="243,184,378,185" step="2"/><U84/><E8/><V121/><F121/><W4/><G112/><T102/><D102/><U131/><E131/><V14/><F14/><W45/><G45/><T23/><D23/><U2/><E2/><V88/><F41/><W86/><G27/><T80/><D80/><U43/><E22/><V119/><F119/><W111/><G32/><T30/><D30/><N who="1" m="11275" /><E20/><V7/><F33/><W15/><G111/><T13/><D13/><U124/><N who="1" m="31744" /><DORA hai="70" /><U114/><E114/><V115/><F115/><W62/><G15/><RYUUKYOKU ba="0,1" sc="243,30,184,-10,378,-10,185,-10" hai0="26,28,35,36,38,39,56,58,60,64,91,95,98" /><INIT seed="4,1,1,3,4,0" ten="273,174,368,175" oya="0" hai0="28,60,35,120,130,19,64,4,27,82,81,94,45" hai1="109,56,104,121,48,66,44,39,131,127,135,62,38" hai2="122,43,34,14,97,30,54,85,126,101,124,47,118" hai3="76,87,13,69,24,33,134,70,8,114,1,123,29"/><T112/><D120/><U96/><E121/><V132/><F122/><W31/><G123/><RYUUKYOKU type="kaze4" ba="1,1" sc="273,0,174,0,368,0,175,0" /><INIT seed="4,2,1,3,4,68" ten="273,174,368,175" oya="0" hai0="64,7,14,1,88,104,67,25,85,66,54,93,116" hai1="130,18,128,106,109,92,22,28,129,8,5,87,0" hai2="12,77,84,99,11,2,111,55,13,19,49,132,9" hai3="48,125,118,6,101,39,112,74,33,119,86,38,135"/><T30/><D104/><U94/><E106/><V78/><F111/><W51/><G74/><T122/><D122/><U21/><E87/><V90/><F2/><W58/><G86/><T16/><D116/><U53/><E53/><V82/><F99/><W56/><G6/><T31/><D1/><U50/><E50/><N who="3" m="18986" /><G33/><T27/><D54/><U17/><E92/><V10/><F132/><W20/><G20/><T134/><D134/><U63/><E63/><V52/><F55/><W100/><G135/><T113/><D113/><U95/><E95/><V75/><F75/><W102/><G112/><T57/><D57/><N who="3" m="22121" /><G125/><T110/><D110/><U107/><E94/><V65/><F65/><W44/><G44/><T35/><D7/><U97/><E109/><V89/><F78/><W70/><G70/><T120/><D120/><U72/><E72/><V133/><F133/><W71/><G71/><T121/><D121/><U108/><E108/><V41/><F41/><W29/><G29/><N who="0" m="10763" /><D35/><U76/><E76/><V103/><F9/><AGARI ba="2,1" hai="9,14,16,25,27,64,66,67,85,88,93" m="10763" machi="9" ten="30,5800,0" yaku="8,1,54,2" doraHai="68" who="0" fromWho="2" sc="273,74,174,0,368,-64,175,0" /><INIT seed="4,3,0,3,5,3" ten="347,174,304,175" oya="0" hai0="1,74,19,11,0,126,57,51,34,131,27,112,32" hai1="125,58,95,132,119,69,55,26,107,33,129,5,84" hai2="113,8,100,93,67,123,37,66,59,10,41,133,28" hai3="127,21,104,106,97,72,99,30,20,105,15,17,80"/><T49/><D74/><U88/><E119/><V62/><F123/><W114/><G114/><T64/><D64/><U38/><E69/><V77/><F113/><W130/><G130/><T40/><D40/><U25/><E129/><V90/><F133/><W24/><REACH who="3" step="1"/><G127/><REACH who="3" ten="347,174,304,165" step="2"/><T122/><D126/><U48/><E125/><V52/><F37/><W124/><G124/><T70/><D131/><U4/><E38/><V115/><F115/><W31/><G31/><T83/><D112/><U44/><E132/><V111/><F28/><W2/><G2/><T36/><D0/><U134/><E134/><V117/><F117/><W128/><G128/><T29/><D1/><U108/><E108/><V6/><F111/><W87/><G87/><T73/><D29/><U92/><E33/><V102/><F102/><W43/><G43/><T23/><D34/><U71/><E71/><V78/><F100/><W16/><G16/><T9/><D70/><U75/><E75/><V82/><F41/><W94/><G94/><T46/><D32/><U135/><E135/><V98/><F82/><W50/><G50/><T96/><D36/><U118/><E118/><V76/><REACH who="2" step="1"/><F10/><REACH who="2" ten="347,174,294,165" step="2"/><W53/><G53/><N who="0" m="31919" /><D9/><U65/><E107/><V85/><F85/><W47/><G47/><T54/><D11/><U86/><E86/><V121/><F121/><W89/><G89/><T60/><D122/><U81/><E81/><V45/><F45/><W68/><G68/><T39/><D39/><U110/><E110/><V56/><F56/><W109/><G109/><T120/><D120/><U13/><E58/><V103/><F103/><RYUUKYOKU ba="3,2" sc="347,-15,174,-15,294,15,165,15" hai2="6,8,52,59,62,66,67,76,77,78,90,93,98" hai3="15,17,20,21,24,30,72,80,97,99,104,105,106" /><INIT seed="5,4,2,5,3,8" ten="332,159,309,180" oya="1" hai0="4,61,102,47,73,135,118,122,51,67,119,125,9" hai1="98,117,3,46,75,45,113,76,30,88,99,107,36" hai2="23,127,123,101,48,108,83,21,70,128,93,6,0" hai3="32,89,22,50,109,15,63,90,131,80,79,11,26"/><U17/><E117/><V134/><F108/><W69/><G109/><T130/><D73/><U18/><E3/><V92/><F70/><W133/><G32/><T5/><D102/><U35/><E113/><V28/><F123/><W16/><G133/><T85/><D135/><U44/><E36/><V25/><F134/><W60/><G131/><T126/><D130/><U56/><E35/><V41/><F127/><N who="0" m="48650" /><D85/><U1/><E1/><V34/><F0/><W27/><G27/><T78/><D78/><U120/><E120/><V53/><F41/><W116/><G116/><N who="0" m="44587" /><D9/><U77/><E30/><V19/><F6/><W65/><G60/><T29/><D29/><U81/><E56/><V106/><F106/><W82/><G50/><T124/><D122/><U20/><E76/><V49/><F34/><W24/><G24/><T129/><D129/><U54/><E54/><V13/><F128/><W96/><G96/><T94/><D94/><U62/><E62/><V112/><F112/><W87/><REACH who="3" step="1"/><G82/><REACH who="3" ten="332,159,309,170" step="2"/><T42/><D124/><U84/><E107/><V72/><F49/><W68/><G68/><AGARI ba="4,3" hai="4,5,42,47,51,61,67,68" m="44587,48650" machi="68" ten="30,1000,0" yaku="18,1" doraHai="8" who="0" fromWho="3" sc="332,52,159,0,309,0,170,-22" /><INIT seed="6,0,0,4,4,111" ten="384,159,309,148" oya="2" hai0="71,62,85,58,88,95,100,5,124,131,10,79,11" hai1="25,72,21,13,49,37,94,89,48,4,106,69,0" hai2="14,60,26,17,115,135,16,112,86,116,128,73,107" hai3="118,22,98,75,103,126,36,129,99,41,45,33,28"/><V102/><F116/><W38/><G118/><T43/><D71/><U47/><E106/><V93/><F73/><W76/><G129/><T15/><D124/><U108/><E108/><V44/><F128/><W70/><G126/><T2/><D131/><U24/><E72/><V61/><F107/><W51/><G98/><T27/><D100/><U54/><E69/><V19/><F135/><W114/><G22/><T29/><D43/><U91/><E37/><V90/><F102/><W31/><G70/><T18/><D79/><U96/><E0/><V92/><F92/><W74/><G51/><T35/><D58/><U50/><E91/><V101/><F101/><W7/><G7/><T97/><REACH who="0" step="1"/><D62/><REACH who="0" ten="374,159,309,148" step="2"/><U55/><E48/><V57/><F61/><W65/><G103/><T46/><D46/><U125/><E125/><V78/><F78/><W123/><G76/><T134/><D134/><U20/><E49/><V68/><F68/><W8/><G45/><T42/><D42/><U82/><E55/><V30/><F44/><W127/><G41/><T53/><D53/><U83/><E54/><V80/><F57/><W132/><G127/><T40/><D40/><U77/><E50/><V110/><F60/><W34/><G132/><T32/><D32/><U117/><E47/><V6/><F110/><W39/><G39/><T23/><D23/><N who="1" m="8779" /><E117/><V121/><F90/><W52/><G52/><T59/><D59/><U3/><E77/><V81/><F121/><W109/><G123/><T9/><D9/><N who="1" m="4263" /><E3/><V67/><F67/><W120/><G65/><T84/><AGARI ba="0,1" hai="2,5,10,11,15,18,27,29,35,84,85,88,95,97" machi="84" ten="30,4000,0" yaku="1,1,0,1,54,1,53,0" doraHai="111" doraHaiUra="113" who="0" fromWho="0" sc="374,50,159,-10,309,-20,148,-10" /><INIT seed="7,0,0,1,4,35" ten="424,149,289,138" oya="3" hai0="47,50,57,66,21,11,120,31,126,97,95,49,48" hai1="41,69,34,122,58,110,39,106,64,20,29,28,33" hai2="40,22,17,84,14,83,105,63,77,27,5,80,96" hai3="78,133,71,94,3,118,43,111,125,92,0,67,46"/><W116/><G133/><T82/><D82/><U132/><E110/><V51/><F63/><W87/><G111/><T73/><D73/><U91/><E122/><V129/><F129/><W99/><G125/><T70/><D70/><U61/><E132/><V38/><F38/><W4/><G4/><T128/><D11/><U117/><E117/><V68/><F68/><W59/><G71/><T93/><D93/><U127/><E127/><V121/><F121/><W26/><G26/><T15/><D49/><U16/><E106/><V90/><F105/><W65/><G78/><T115/><D48/><U74/><E74/><V24/><F5/><W86/><G46/><T13/><D115/><U123/><E123/><V113/><F113/><W1/><G43/><T44/><D44/><U32/><E41/><V9/><F9/><W134/><G134/><T25/><D128/><U135/><E39/><V45/><F96/><W56/><G3/><T101/><D126/><U109/><E109/><V108/><F108/><W107/><G107/><T130/><D130/><U55/><E91/><V104/><F104/><W37/><G37/><T88/><D101/><U36/><E36/><V42/><F42/><W7/><G7/><T103/><D103/><U30/><E135/><V60/><F60/><W98/><AGARI ba="0,0" hai="0,1,56,59,65,67,86,87,92,94,98,99,116,118" machi="98" ten="25,12000,1" yaku="0,1,22,2,52,2" doraHai="35" who="3" fromWho="3" sc="424,-40,149,-40,289,-40,138,120" /><INIT seed="7,1,0,3,3,123" ten="384,109,249,258" oya="3" hai0="85,81,21,125,30,109,34,45,124,2,50,43,117" hai1="39,37,5,22,93,113,53,31,112,89,18,83,90" hai2="70,40,121,122,100,88,33,60,19,80,13,23,28" hai3="8,49,20,1,68,97,64,106,3,82,56,58,128"/><W71/><G128/><T15/><D109/><U96/><E5/><V76/><F100/><W38/><G82/><T7/><D117/><U126/><E126/><N who="0" m="48745" /><D34/><U115/><E31/><V10/><F33/><W73/><G73/><T129/><D129/><U79/><E53/><V4/><F40/><W26/><G38/><T29/><D2/><U133/><E18/><V114/><F114/><W42/><G3/><T67/><D67/><U105/><E22/><V69/><F88/><W130/><G130/><T24/><D30/><U14/><E14/><V6/><F28/><W55/><G42/><T132/><D132/><U32/><E32/><V41/><F41/><W108/><G108/><T119/><D119/><U54/><E54/><V111/><F111/><W92/><G106/><T94/><D94/><U75/><E37/><V135/><F135/><W66/><G8/><N who="0" m="4511" /><D81/><U11/><E11/><V87/><F4/><W77/><G1/><T101/><D85/><U36/><E36/><V9/><F9/><W110/><G110/><T35/><D101/><U127/><E39/><V47/><F47/><W51/><G77/><T134/><D35/><U72/><E127/><V16/><F19/><N who="3" m="12575" /><G66/><T99/><D134/><U63/><E133/><V61/><F69/><W44/><G64/><T48/><D48/><U65/><E105/><V46/><F46/><W17/><G17/><T131/><D131/><U74/><E89/><V103/><F103/><N who="3" m="60839" /><G51/><T86/><D50/><U59/><E72/><V116/><F116/><W107/><G107/><T104/><D43/><U27/><E74/><V84/><F16/><RYUUKYOKU ba="1,0" sc="384,-15,109,15,249,-15,258,15" hai1="27,59,63,65,75,79,83,90,93,96,112,113,115" hai3="44,49,55,56,58,68,71" /><INIT seed="7,2,0,0,0,32" ten="369,124,234,273" oya="3" hai0="76,27,99,130,23,26,115,92,71,123,47,77,73" hai1="41,91,105,114,107,11,83,44,84,81,9,128,117" hai2="96,43,4,66,5,97,62,59,101,127,38,80,35" hai3="64,109,94,57,98,79,95,28,17,49,93,106,42"/><W18/><G109/><T45/><D123/><U33/><E33/><V20/><F35/><W134/><G134/><T135/><D135/><U122/><E122/><V39/><F127/><W119/><G119/><T34/><D71/><U78/><E114/><V90/><F38/><W25/><G79/><N who="0" m="30283" /><D34/><U37/><E128/><V72/><F72/><W19/><G42/><T56/><D73/><U63/><E63/><V131/><F131/><W67/><G106/><T108/><D108/><U15/><E9/><V68/><F68/><W88/><G28/><N who="0" m="17503" /><D115/><U102/><E102/><V31/><F43/><W46/><G25/><T113/><D113/><U85/><E117/><V118/><F39/><W53/><G67/><T133/><D27/><U50/><REACH who="1" step="1"/><E37/><REACH who="1" ten="369,114,234,273" step="2"/><V58/><F118/><W110/><G110/><T6/><D130/><U52/><E52/><V54/><F101/><W51/><G51/><T7/><D133/><U1/><E1/><V65/><F54/><W22/><G22/><T103/><D6/><AGARI ba="2,1" hai="6,11,15,41,44,50,78,81,83,84,85,91,105,107" machi="6" ten="30,12000,2" yaku="1,1,7,1,25,2,53,2" doraHai="32" doraHaiUra="100" who="1" fromWho="0" sc="369,-126,114,136,234,0,273,0" /><INIT seed="8,0,0,5,1,81" ten="243,250,234,273" oya="0" hai0="14,79,52,67,117,2,114,20,0,13,64,77,58" hai1="130,135,55,82,8,48,74,120,116,11,71,41,3" hai2="45,98,94,128,90,50,18,53,37,24,78,57,38" hai3="96,9,26,93,100,27,110,66,54,133,132,29,95"/><T76/><D117/><U1/><E120/><V46/><F128/><W31/><G110/><T22/><D114/><U107/><E107/><V62/><F78/><W129/><G129/><T5/><D0/><U109/><E109/><V21/><REACH who="2" step="1"/><F45/><REACH who="2" ten="243,250,224,273" step="2"/><W65/><G132/><T15/><D2/><U104/><E130/><V39/><F39/><W49/><G133/><T16/><D5/><U44/><E135/><V119/><F119/><W118/><G118/><T115/><D115/><U88/><E116/><V127/><F127/><W124/><G124/><T122/><D122/><U25/><E44/><V60/><F60/><W36/><G36/><T121/><D121/><U56/><E1/><V12/><F12/><N who="0" m="4714" /><D20/><U89/><E3/><V61/><F61/><AGARI ba="0,1" hai="15,16,22,52,58,61,64,67,76,77,79" m="4714" machi="61" ten="30,5800,0" yaku="8,1,54,2" doraHai="81" who="0" fromWho="2" sc="243,68,250,0,224,-58,273,0" owari="311,41.1,250,-15.0,166,-33.4,273,7.3" /></mjloggm>