<mjloggm ver="2.3"><GO type="169" lobby="0"/><UN n0="%E5%B1%B1%E6%9C%AC%E6%83%A3%E4%B8%80%E6%9C%97" n1="%E3%83%A2%E3%82%A4%E3%83%92%E3%83%A3%E3%83%B3" n2="%50%62%6F%74%6B%69%6E%67" n3="%E3%81%BE%E3%81%93%E3%81%9F%E3%82%8D%E3%81%99" dan="17,16,16,16" rate="2198.98,2107.85,2085.07,2181.49" sx="M,M,M,M"/><TAIKYOKU oya="0"/><INIT seed="0,0,0,4,0,92" ten="250,250,250,250" oya="0" hai0="121,18,19,74,43,83,47,90,113,2,120,73,45" hai1="30,135,100,25,24,105,14,93,114,103,119,39,95" hai2="10,72,7,0,12,40,77,85,5,8,37,63,88" hai3="34,62,109,67,4,118,20,9,57,76,28,124,1"/><T106/><BYE who="2" /><D113/><UN n2="%50%62%6F%74%6B%69%6E%67" /><U46/><E119/><V133/><F133/><W60/><G118/><T66/><D2/><U56/><E135/><V108/><F108/><W87/><G109/><T33/><D33/><U53/><E114/><V52/><F77/><W70/><G124/><T54/><D106/><U126/><E126/><V3/><F72/><W61/><G34/><T41/><D54/><U94/><E14/><V59/><F12/><W125/><G125/><T26/><D26/><U31/><E39/><V58/><F58/><W16/><G28/><N who="1" m="10794" /><E46/><V123/><F123/><W78/><G87/><T38/><D66/><U99/><E105/><V6/><F6/><W122/><G122/><T104/><D104/><U81/><E81/><V21/><F21/><W23/><G23/><T111/><D111/><U102/><E99/><V112/><F112/><W69/><G69/><T117/><D117/><U17/><E17/><V15/><F15/><W50/><G50/><AGARI ba="0,0" hai="24,25,50,53,56,93,94,95,100,102,103" m="10794" machi="50" ten="30,1000,0" yaku="8,1" doraHai="92" who="1" fromWho="3" sc="250,0,250,10,250,0,250,-10" /><INIT seed="1,0,0,0,4,97" ten="250,260,250,240" oya="1" hai0="23,5,90,125,82,26,119,99,43,80,123,14,130" hai1="110,57,69,48,15,37,45,72,91,8,33,60,115" hai2="117,21,36,121,29,55,127,129,58,131,83,9,49" hai3="107,112,3,11,62,100,108,19,13,88,64,56,126"/><U20/><E115/><V75/><F117/><W42/><G112/><T40/><D119/><U87/><E72/><V32/><F121/><W128/><G126/><T93/><D125/><U63/><E33/><V76/><F127/><W10/><G128/><N who="2" m="49225" /><F32/><W79/><G108/><T4/><D130/><U98/><E110/><V96/><F36/><W92/><G79/><T84/><D123/><U85/><E37/><V73/><F9/><W114/><G114/><T35/><D35/><U46/><E20/><V18/><F29/><W105/><G42/><N who="0" m="15915" /><D14/><U44/><E69/><V67/><F67/><W74/><G74/><T104/><D104/><U0/><E0/><V133/><F133/><W106/><G10/><T124/><D124/><U47/><E98/><V38/><F38/><W22/><G3/><T113/><D113/><U65/><E63/><V102/><F73/><W134/><G134/><T94/><D94/><U59/><E59/><V86/><F75/><W95/><G95/><T41/><N who="0" m="15923" /><T118/><DORA hai="50" /><D118/><U24/><E24/><N who="2" m="14391" /><F96/><W25/><G11/><T54/><D99/><U52/><REACH who="1" step="1"/><E91/><REACH who="1" ten="250,250,250,240" step="2"/><V61/><F61/><W71/><G71/><T68/><D68/><U7/><AGARI ba="0,1" hai="7,8,15,44,45,46,47,48,52,57,60,65,85,87" machi="7" ten="30,18000,2" yaku="1,1,2,1,0,1,8,1,52,1,54,1,53,0" doraHai="97,50" doraHaiUra="70,39" who="1" fromWho="1" sc="250,-60,250,190,250,-60,240,-60" /><INIT seed="1,1,0,3,3,27" ten="190,440,190,180" oya="1" hai0="7,87,78,30,10,122,71,5,31,46,36,45,56" hai1="99,67,91,60,115,85,23,106,38,11,83,15,81" hai2="126,124,132,118,104,44,84,79,103,6,0,119,9" hai3="54,105,61,2,128,59,24,101,32,134,21,25,39"/><U92/><E115/><V90/><F132/><W80/><G2/><T77/><D71/><U55/><E38/><V18/><F79/><N who="0" m="30218" /><D36/><U98/><E55/><V113/><F113/><W42/><G128/><T37/><D37/><U125/><E125/><N who="2" m="48235" /><F18/><W123/><G123/><T93/><D56/><U133/><E133/><V50/><F103/><W76/><G134/><T34/><D34/><U63/><E23/><V62/><F62/><W13/><G42/><T129/><D129/><U120/><E120/><V75/><F75/><W16/><G39/><T48/><D122/><U57/><E63/><V19/><F19/><W53/><G53/><N who="0" m="29839" /><D46/><U28/><E28/><N who="0" m="10793" /><D10/><U47/><E47/><V3/><F3/><W82/><G32/><T127/><D127/><U135/><E135/><V43/><F104/><W29/><G105/><T117/><D117/><U26/><E106/><V8/><F8/><W68/><G68/><T58/><D58/><U112/><E112/><V95/><AGARI ba="1,0" hai="0,6,9,43,44,50,84,90,95,118,119" m="48235" machi="95" ten="30,1100,0" yaku="18,1" doraHai="27" who="2" fromWho="2" sc="190,-4,440,-6,190,14,180,-4" /><INIT seed="2,0,0,0,4,13" ten="186,434,204,176" oya="2" hai0="30,24,114,2,21,15,4,110,40,47,134,29,132" hai1="5,96,113,69,92,98,60,78,88,115,10,107,9" hai2="48,27,33,101,112,53,14,67,99,126,116,23,109" hai3="70,77,73,123,89,72,79,25,42,31,90,74,129"/><V59/><F116/><W118/><G123/><T55/><D55/><U26/><E78/><V7/><F112/><W85/><G70/><T121/><D114/><U58/><E69/><V82/><F126/><W57/><G118/><T104/><D104/><U51/><E51/><V80/><F109/><W86/><G42/><T39/><D121/><U127/><E127/><V75/><F33/><W46/><G46/><T122/><D122/><U20/><E107/><V133/><F133/><N who="0" m="51306" /><D2/><U63/><E63/><V0/><F0/><W38/><G38/><T71/><D71/><U56/><E56/><V6/><F67/><W35/><G57/><T93/><D93/><U32/><E32/><V18/><F75/><W81/><REACH who="3" step="1"/><G129/><REACH who="3" ten="186,434,204,166" step="2"/><T97/><D110/><U120/><E120/><V103/><F103/><W135/><G135/><T1/><D47/><U12/><E115/><V19/><F6/><W83/><AGARI ba="0,1" hai="25,31,35,72,73,74,77,79,81,83,85,86,89,90" machi="83" ten="40,5200,0" yaku="1,1,0,1,9,1,53,0" doraHai="13" doraHaiUra="128" who="3" fromWho="3" sc="186,-13,434,-13,204,-26,166,62" /><INIT seed="3,0,0,4,5,100" ten="173,421,178,228" oya="3" hai0="75,86,66,134,47,48,114,95,80,102,17,26,74" hai1="11,34,108,84,109,16,111,7,92,21,115,5,25" hai2="96,59,99,2,116,118,105,67,32,60,83,29,61" hai3="42,87,12,40,35,71,49,58,98,4,54,63,78"/><W110/><G35/><T41/><D134/><U126/><E115/><V39/><F39/><W128/><G128/><T20/><D114/><U104/><E104/><V65/><F2/><W73/><G73/><T135/><D135/><U52/><E126/><V113/><F113/><W119/><G119/><T133/><D133/><U24/><E84/><V97/><F83/><N who="3" m="47607" /><G71/><T91/><D66/><U76/><E76/><V85/><F85/><W93/><G63/><T37/><D102/><U69/><E69/><V8/><F8/><N who="3" m="4103" /><G110/><T43/><REACH who="0" step="1"/><D80/><REACH who="0" ten="163,421,178,228" step="2"/><U94/><E108/><V30/><F118/><W44/><G58/><T72/><D72/><U64/><E111/><V9/><F116/><W107/><G107/><T57/><D57/><U124/><E109/><V131/><F131/><W123/><G123/><T38/><D38/><U55/><E124/><V106/><F106/><W62/><G62/><T103/><D103/><AGARI ba="0,1" hai="40,42,44,49,54,93,98,103" m="4103,47607" machi="103" ten="30,1500,0" yaku="8,1" doraHai="100" who="3" fromWho="0" sc="163,-15,421,0,178,0,228,25" /><INIT seed="3,1,0,1,4,83" ten="148,421,178,253" oya="3" hai0="117,119,62,22,128,17,26,10,88,45,75,37,11" hai1="34,52,122,113,61,90,8,32,31,19,96,98,106" hai2="59,86,97,66,72,94,54,27,1,43,74,9,77" hai3="29,132,18,99,118,4,63,134,120,71,23,84,95"/><W108/><G120/><T73/><D128/><U133/><E122/><V41/><F66/><N who="3" m="41439" /><G4/><T40/><D117/><U7/><E113/><V93/><F72/><W112/><G112/><T30/><D119/><U39/><E39/><V0/><F74/><W49/><G29/><T116/><D116/><U46/><E133/><N who="3" m="51306" /><G118/><T79/><D79/><U12/><E31/><V100/><F27/><N who="3" m="14839" /><G49/><T50/><D37/><U111/><E7/><V2/><F9/><W124/><G124/><T24/><D62/><U33/><E61/><V115/><F115/><W55/><G55/><T92/><D75/><U82/><E52/><V42/><F42/><W65/><G65/><T68/><D68/><U127/><E127/><V20/><F20/><W131/><G131/><T36/><D36/><U126/><E126/><V80/><REACH who="2" step="1"/><F93/><REACH who="2" ten="148,421,168,253" step="2"/><W14/><G14/><T21/><REACH who="0" step="1"/><D73/><REACH who="0" ten="138,421,168,253" step="2"/><U58/><E12/><V57/><F57/><W70/><G70/><T60/><D60/><AGARI ba="1,2" hai="0,1,2,41,43,54,59,60,77,80,86,94,97,100" machi="60" ten="40,2600,0" yaku="1,1,52,1,53,0" doraHai="83" doraHaiUra="123" who="2" fromWho="0" sc="138,-29,421,0,168,49,253,0" /><INIT seed="4,0,0,2,4,106" ten="109,421,217,253" oya="0" hai0="73,64,35,57,6,68,31,101,96,112,131,7,11" hai1="118,14,92,113,38,87,54,5,28,47,94,88,90" hai2="30,66,98,65,4,63,41,115,133,51,22,77,33" hai3="100,13,74,42,21,71,107,111,29,110,125,103,75"/><T44/><D68/><U25/><E118/><V32/><F115/><W53/><G71/><T122/><D122/><U127/><E127/><V121/><F121/><W78/><G78/><T36/><D112/><U99/><E113/><V124/><F124/><W27/><G125/><T116/><D116/><U79/><E79/><V123/><F123/><W55/><G42/><T49/><D131/><U119/><E119/><V72/><F133/><W24/><G13/><T16/><D36/><U17/><E5/><V45/><F4/><W46/><G27/><T48/><D73/><N who="3" m="27657" /><G46/><T109/><D109/><N who="3" m="41481" /><G107/><T108/><D108/><U126/><E126/><V120/><F120/><W2/><G2/><T91/><D91/><U69/><E69/><V76/><F98/><W89/><G89/><T19/><D31/><U134/><E47/><V20/><F20/><W3/><G3/><T114/><D35/><U1/><E1/><V15/><F77/><W104/><G104/><T58/><D114/><U129/><E90/><V97/><F97/><W60/><G60/><N who="0" m="37903" /><D58/><U26/><E88/><V86/><F86/><W67/><G67/><T93/><D48/><U34/><E87/><V40/><F40/><W62/><G62/><T82/><D82/><U50/><E99/><V102/><F66/><W56/><G56/><T10/><D19/><U37/><E17/><N who="2" m="10559" /><F30/><W18/><G18/><T83/><D83/><U132/><E28/><V43/><F43/><W80/><G80/><T85/><D85/><U130/><E34/><V52/><F41/><W9/><G9/><N who="0" m="3083" /><D16/><U8/><E8/><V0/><F32/><RYUUKYOKU ba="0,0" sc="109,15,421,-15,217,-15,253,15" hai0="6,7,44,49,93,96,101" hai3="21,24,29,53,55,100,103" /><INIT seed="4,1,0,2,4,49" ten="124,406,202,268" oya="0" hai0="4,120,48,3,132,68,43,14,45,82,89,50,113" hai1="5,118,110,18,94,75,96,98,7,100,54,8,44" hai2="105,70,41,38,90,16,10,65,55,77,123,28,51" hai3="80,59,78,91,15,133,108,24,109,74,85,124,36"/><T21/><D120/><U111/><E118/><V23/><F123/><W32/><G36/><T34/><D34/><U134/><E75/><V103/><F77/><W127/><G15/><T93/><D68/><U42/><E134/><V135/><F135/><W47/><G47/><T79/><D132/><U84/><E84/><V30/><F10/><W25/><G133/><T46/><D113/><U2/><E7/><V130/><F130/><W115/><G115/><T67/><D67/><U131/><E131/><V104/><F41/><W66/><G66/><T102/><D102/><U81/><E81/><V60/><F38/><W117/><G59/><T1/><D21/><U17/><E54/><V116/><F116/><W95/><G117/><T29/><D29/><U86/><E86/><V58/><F90/><W87/><G32/><T64/><D64/><U12/><E98/><V13/><REACH who="2" step="1"/><F103/><REACH who="2" ten="124,406,192,268" step="2"/><W101/><G101/><T40/><D4/><U72/><E5/><V76/><F76/><W97/><G109/><T62/><D1/><U0/><E2/><V19/><F19/><W71/><G108/><T126/><D3/><U112/><E0/><V26/><F26/><W20/><G25/><T27/><D27/><U9/><E111/><V35/><F35/><W125/><G71/><T56/><D43/><U11/><E110/><V83/><F83/><W107/><G107/><AGARI ba="1,1" hai="13,16,23,28,30,51,55,58,60,65,70,104,105,107" machi="107" ten="40,5200,0" yaku="1,1,52,1,54,1,53,0" doraHai="49" doraHaiUra="22" who="2" fromWho="3" sc="124,0,406,0,192,65,268,-55" /><INIT seed="5,0,0,2,4,19" ten="124,406,257,213" oya="1" hai0="69,87,17,92,132,12,100,117,67,75,68,42,3" hai1="59,115,102,43,113,99,134,104,46,6,91,21,58" hai2="101,119,8,130,131,72,1,61,18,52,34,84,0" hai3="82,98,77,41,78,15,38,112,114,129,73,53,22"/><U45/><E134/><V50/><F72/><W90/><G129/><N who="2" m="49161" /><F119/><W14/><G41/><T63/><D117/><U64/><E6/><V2/><F34/><W81/><G22/><T85/><D3/><U5/><E5/><V27/><F101/><W83/><G38/><T106/><D75/><U7/><E7/><V47/><F84/><N who="3" m="50463" /><G53/><T110/><D110/><U133/><E133/><V11/><F61/><W10/><G10/><T32/><D32/><U48/><E91/><V36/><F36/><W126/><G15/><T60/><D106/><U124/><E124/><V66/><F66/><W122/><G14/><T118/><D132/><U96/><E96/><V39/><F39/><W44/><G44/><T88/><D42/><U71/><E46/><V20/><AGARI ba="0,0" hai="0,1,2,8,11,18,20,27,47,50,52" m="49161" machi="20" ten="40,5200,0" yaku="19,1,52,1,54,1" doraHai="19" who="2" fromWho="2" sc="124,-13,406,-26,257,52,213,-13" /><INIT seed="6,0,0,3,4,85" ten="111,380,309,200" oya="2" hai0="105,108,90,97,23,80,114,30,104,42,75,32,28" hai1="126,110,7,17,94,67,88,29,35,79,121,60,95" hai2="36,69,71,111,117,86,56,14,72,116,22,44,31" hai3="34,25,43,27,81,74,13,21,101,135,77,122,20"/><V131/><F72/><W45/><G122/><T112/><D32/><U62/><E110/><V55/><F111/><W127/><G135/><T76/><D42/><U124/><E121/><V61/><F131/><W2/><G127/><N who="1" m="48682" /><E7/><V15/><F71/><W115/><G2/><T91/><D108/><U130/><E130/><V41/><F14/><W96/><G115/><N who="0" m="44075" /><D23/><U50/><E79/><V133/><F133/><W10/><G34/><T128/><D128/><U84/><E50/><V40/><F40/><W66/><G66/><T68/><D68/><U18/><E95/><V12/><F12/><W8/><G13/><T33/><D33/><U119/><E119/><V1/><F1/><W4/><G4/><T70/><D70/><N who="1" m="42343" /><E62/><V11/><F69/><W120/><G120/><T48/><D48/><U113/><E113/><V5/><REACH who="2" step="1"/><F86/><REACH who="2" ten="111,380,299,200" step="2"/><W19/><G27/><AGARI ba="0,1" hai="17,18,27,29,35,84,88,94" m="42343,48682" machi="27" ten="30,3900,0" yaku="18,1,52,1,54,1" doraHai="85" who="1" fromWho="3" sc="111,0,380,49,299,0,200,-39" /><AGARI ba="0,0" hai="5,11,15,22,27,31,36,41,44,55,56,61,116,117" machi="27" ten="40,7700,0" yaku="1,1,2,1,53,1" doraHai="85" doraHaiUra="38" who="2" fromWho="3" sc="111,0,429,0,299,77,161,-77" /><INIT seed="6,1,0,2,2,99" ten="111,429,376,84" oya="2" hai0="36,48,114,29,11,19,83,49,102,77,24,132,106" hai1="130,95,79,96,25,23,120,61,50,103,80,15,52" hai2="86,65,32,13,26,129,97,22,41,45,43,88,82" hai3="122,47,42,20,14,125,133,92,124,1,84,0,104"/><V85/><F129/><W3/><G104/><T58/><D36/><U5/><E130/><V101/><F65/><W38/><G122/><T28/><D114/><U40/><E120/><V112/><F112/><W33/><G33/><T27/><D132/><U8/><E40/><V71/><F71/><W100/><G133/><T46/><D106/><U134/><E134/><V54/><F32/><W59/><G59/><T55/><D102/><U117/><E117/><V60/><F13/><W76/><G76/><T93/><D93/><U21/><E61/><V72/><F72/><W108/><G108/><T74/><D27/><U98/><E98/><V116/><F116/><W75/><G75/><T90/><D90/><U89/><E89/><V18/><F85/><W56/><G56/><T115/><D115/><U67/><E67/><V126/><F126/><N who="3" m="48747" /><G84/><T31/><D11/><U78/><E80/><V2/><F2/><W17/><G92/><T64/><D64/><U91/><E91/><V135/><F135/><W113/><G113/><T57/><D49/><U30/><E23/><V131/><F131/><W9/><G20/><T128/><D128/><U69/><E69/><V63/><F54/><W10/><G10/><T105/><D105/><U111/><E111/><V123/><F123/><W51/><G38/><T119/><D119/><U118/><E118/><V70/><F70/><W94/><G94/><T73/><D73/><U12/><E15/><V34/><F34/><W39/><G39/><T16/><D24/><U81/><E81/><V6/><F26/><W68/><G68/><T62/><D58/><AGARI ba="1,0" hai="5,8,12,21,25,30,50,52,58,78,79,95,96,103" machi="58" ten="30,8000,1" yaku="6,1,7,1,8,1,52,1,54,1" doraHai="99" who="1" fromWho="0" sc="111,-83,429,83,376,0,84,0" /><INIT seed="7,0,0,4,1,73" ten="28,512,376,84" oya="3" hai0="18,125,5,129,3,50,124,66,89,132,24,133,79" hai1="107,110,42,64,60,61,36,45,59,43,74,127,68" hai2="115,16,31,70,131,108,39,78,69,128,91,14,126" hai3="58,56,30,25,21,0,114,54,22,28,12,93,37"/><W87/><G37/><T113/><D66/><U120/><E107/><V41/><F108/><W47/><G114/><T51/><D51/><U33/><E33/><V105/><F105/><W92/><G0/><T94/><D50/><U49/><E74/><V35/><F115/><W67/><G47/><T106/><D113/><U122/><E110/><V29/><F126/><N who="0" m="48746" /><D106/><U7/><E7/><V17/><F91/><W48/><G87/><T83/><D5/><U77/><E77/><V111/><F111/><W71/><G71/><T118/><D3/><U134/><E134/><N who="0" m="51817" /><D18/><U1/><E1/><V96/><F96/><W80/><G67/><T98/><D24/><U15/><E15/><V34/><F14/><W53/><G12/><T85/><D129/><U109/><E109/><V121/><F121/><W72/><G48/><T103/><D118/><U55/><E127/><V95/><F95/><W57/><G25/><T130/><D130/><U76/><E42/><V117/><F117/><W81/><G58/><T86/><D86/><U27/><E27/><V82/><F82/><W116/><G72/><T40/><D40/><U52/><E43/><V23/><F41/><W9/><G116/><T11/><D11/><AGARI ba="0,0" hai="9,11,21,22,28,30,53,54,56,57,80,81,92,93" machi="11" ten="25,4800,0" yaku="22,2,8,1" doraHai="73" who="3" fromWho="0" sc="28,-48,512,0,376,0,84,48" owari="-20,-52.0,512,61.2,376,17.6,132,-26.8" /></mjloggm>