<mjloggm ver="2.3"><GO type="185" lobby="0"/><UN n0="%E6%9E%9A%E6%95%B0%E5%B0%8F%E5%83%A7" n1="%E3%82%AC%E3%83%BC%E3%83%8D%E3%83%83%E3%83%88" n2="%E3%83%81%E3%83%A3%E3%82%B9%E7%94%B7" n3="" dan="16,16,17,0" rate="2217.02,2249.20,2276.53,1500.00" sx="M,M,M,C"/><TAIKYOKU oya="0"/><INIT seed="0,0,0,2,3,90" ten="350,350,350,0" oya="0" hai0="110,68,73,88,77,91,76,82,132,43,80,106,63" hai1="45,89,34,41,49,46,60,57,72,96,131,118,74" hai2="53,39,69,71,79,109,100,66,44,33,38,94,78" hai3=""/><T115/><D115/><U37/><E118/><V124/><F33/><T86/><D132/><U112/><E34/><V119/><F119/><T55/><D110/><U102/><E112/><V47/><F124/><T113/><D113/><U35/><E35/><V65/><F53/><T111/><D111/><U97/><E89/><V99/><F109/><T121/><N who="0" m="31008" /><T129/><D129/><U81/><E131/><V59/><F59/><T127/><D127/><U58/><E96/><V40/><F66/><T1/><D1/><U2/><E2/><V117/><F65/><T93/><D106/><U85/><E72/><V133/><F133/><T36/><D93/><U70/><E74/><V83/><F117/><T67/><REACH who="0" step="1"/><D55/><REACH who="0" ten="340,350,350,0" step="2"/><U120/><E120/><V50/><F83/><T54/><D54/><U98/><E81/><V123/><N who="2" m="31520" /><V42/><F39/><T61/><D61/><U32/><E60/><V134/><F134/><T122/><N who="0" m="31264" /><T104/><D104/><U116/><E32/><V107/><F107/><T48/><D48/><U75/><E49/><V0/><F0/><T56/><D56/><U95/><E58/><V125/><F125/><T105/><D105/><U87/><E37/><V103/><F38/><T84/><D84/><RYUUKYOKU ba="0,1" sc="340,20,350,-10,350,-10,0,0" hai0="36,43,63,67,68,73,76,77,80,82,86,88,91" /><INIT seed="0,1,1,5,5,107" ten="360,340,340,0" oya="0" hai0="126,88,109,119,123,79,45,60,69,84,67,127,47" hai1="76,133,83,36,33,85,58,135,62,121,87,94,86" hai2="103,122,77,72,41,80,51,73,0,75,100,99,118" hai3=""/><T70/><N who="0" m="31520" /><T52/><D119/><U66/><N who="1" m="31008" /><U40/><E33/><V53/><N who="2" m="31264" /><V1/><F118/><T64/><D79/><U115/><E115/><V112/><F41/><T50/><D109/><U91/><E36/><V92/><F103/><T106/><D106/><U116/><E40/><V113/><F113/><T131/><D131/><U114/><E114/><V95/><F95/><T102/><D102/><U98/><REACH who="1" step="1"/><E116/><REACH who="1" ten="360,330,340,0" step="2"/><V104/><F112/><T65/><D45/><U96/><E96/><V34/><F34/><T132/><D132/><AGARI ba="1,2" hai="58,62,66,76,83,85,86,87,91,94,98,132,133,135" m="31008" machi="132" ten="40,5200,0" yaku="1,1,20,1,52,1,53,0" doraHai="107" doraHaiUra="3" who="1" fromWho="0" sc="360,-54,330,74,340,0,0,0" /><INIT seed="1,0,0,1,2,65" ten="306,404,340,0" oya="1" hai0="114,49,69,63,33,118,54,106,41,108,48,59,123" hai1="55,68,88,119,67,52,104,117,3,111,97,71,38" hai2="46,81,60,47,124,64,85,129,80,109,2,73,122" hai3=""/><U92/><E3/><V0/><N who="2" m="31264" /><V50/><F109/><T62/><N who="0" m="31520" /><T131/><D33/><U133/><E111/><V74/><F129/><T113/><D106/><U35/><E35/><V87/><F124/><T93/><D108/><U82/><E133/><V36/><F50/><T116/><D93/><U120/><N who="1" m="30752" /><U45/><E104/><V128/><F128/><T94/><D94/><U76/><E117/><N who="0" m="45161" /><D131/><U112/><E112/><N who="0" m="43113" /><D41/><U130/><E130/><V99/><F99/><T121/><N who="0" m="31008" /><T101/><D101/><U100/><E100/><V42/><F42/><T43/><D69/><U37/><E119/><V56/><F0/><T84/><D84/><U70/><E67/><V32/><F87/><T61/><D61/><U83/><E83/><V95/><F81/><T53/><D43/><U1/><E1/><V34/><F85/><T102/><D102/><U107/><E107/><V44/><F80/><T132/><D132/><U125/><E125/><V66/><F2/><T79/><D79/><U90/><E90/><V103/><F32/><T51/><D63/><U57/><E76/><V78/><F34/><T40/><D40/><U135/><E135/><V110/><F78/><T96/><D96/><U134/><E134/><RYUUKYOKU ba="0,0" sc="306,20,404,-10,340,-10,0,0" hai0="48,49,51,53,54,59,62" /><INIT seed="2,1,0,0,1,103" ten="326,394,330,0" oya="2" hai0="121,97,95,99,131,40,109,90,117,61,133,57,88" hai1="35,58,108,72,123,36,67,120,87,92,42,94,2" hai2="80,38,1,100,3,55,124,114,33,52,130,48,46" hai3=""/><V122/><N who="2" m="31264" /><V71/><F33/><T66/><N who="0" m="31008" /><T104/><D117/><U53/><N who="1" m="30752" /><U106/><N who="1" m="31520" /><U134/><E35/><V107/><F114/><T89/><D109/><U102/><E2/><V132/><F71/><T98/><D131/><U112/><E112/><V76/><F130/><T68/><D133/><U84/><E72/><V64/><F64/><T111/><D111/><U91/><E108/><V118/><F38/><T63/><D40/><U126/><E134/><V0/><F118/><T60/><D104/><U75/><E75/><V45/><F132/><T78/><D78/><U128/><E128/><V43/><F124/><T135/><D135/><U101/><E67/><V129/><F46/><T119/><D119/><U54/><E126/><V105/><F100/><T65/><REACH who="0" step="1"/><D61/><REACH who="0" ten="316,394,330,0" step="2"/><U125/><E42/><V74/><REACH who="2" step="1"/><F129/><REACH who="2" ten="316,394,320,0" step="2"/><T73/><D73/><U62/><E125/><V49/><F49/><T69/><D69/><U37/><E37/><V116/><F116/><T113/><D113/><U82/><E36/><V86/><F86/><AGARI ba="1,2" hai="57,60,63,65,66,68,86,88,89,90,95,97,98,99" m="31008" machi="86" ten="40,5200,0" yaku="1,1,52,1,54,1,53,0" doraHai="103" doraHaiUra="50" who="0" fromWho="2" sc="316,74,394,0,320,-54,0,0" /><INIT seed="4,0,0,4,0,45" ten="390,394,266,0" oya="0" hai0="102,84,1,71,107,115,61,38,73,125,129,101,123" hai1="111,104,121,85,124,60,113,132,33,51,35,100,53" hai2="91,48,56,94,42,74,131,110,46,120,41,39,77" hai3=""/><T36/><RYUUKYOKU type="yao9" ba="0,0" sc="390,0,394,0,266,0,0,0" hai0="1,36,38,61,71,73,84,101,102,107,115,123,125,129" /><INIT seed="4,1,0,0,4,115" ten="390,394,266,0" oya="0" hai0="108,133,132,59,129,127,119,58,38,91,76,44,63" hai1="112,131,3,2,107,116,102,118,99,104,103,113,51" hai2="69,122,57,81,70,110,46,83,120,90,45,41,74" hai3=""/><T94/><D127/><U72/><E72/><V134/><N who="2" m="30752" /><V109/><N who="2" m="31264" /><V47/><F134/><T95/><D129/><U105/><E131/><V85/><F57/><T80/><D108/><U77/><E77/><V71/><REACH who="2" step="1"/><F41/><REACH who="2" ten="390,394,256,0" step="2"/><T67/><D59/><U42/><E3/><V123/><N who="2" m="31520" /><V114/><F114/><N who="1" m="44137" /><E2/><V125/><F125/><T124/><D58/><U40/><E40/><V98/><F98/><T64/><D124/><U48/><E99/><V68/><N who="2" m="17408" /><DORA hai="92" /><V97/><F97/><T130/><D133/><U100/><E42/><V36/><F36/><T111/><D38/><U101/><N who="1" m="25600" /><DORA hai="106" /><U49/><AGARI ba="1,1" hai="48,49,51,104,105,107,116,118" m="25600,44137" machi="49" ten="60,12000,3" yaku="4,1,29,2,28,2,15,1,11,1,52,2" doraHai="115,92,106" who="1" fromWho="1" sc="390,-81,394,132,256,-41,0,0" /><INIT seed="5,0,0,4,0,99" ten="309,526,215,0" oya="1" hai0="116,76,65,36,40,42,84,107,71,41,52,77,59" hai1="39,75,3,105,122,95,87,94,113,58,44,132,64" hai2="34,86,133,124,38,37,2,47,63,130,74,35,121" hai3=""/><U83/><N who="1" m="31264" /><U72/><E3/><V78/><N who="2" m="31008" /><V125/><F2/><T90/><D36/><U135/><E113/><V118/><F118/><T126/><D126/><U115/><E115/><V100/><F86/><T117/><D107/><U129/><E105/><V120/><N who="2" m="30752" /><V56/><F133/><N who="1" m="51273" /><E129/><V70/><F130/><T60/><D77/><U46/><E64/><V0/><F0/><T131/><D76/><U111/><E111/><V1/><F1/><T57/><D131/><U45/><E58/><V103/><F56/><T88/><D59/><U112/><E39/><V97/><F78/><T108/><D108/><U92/><E112/><V101/><F74/><N who="1" m="28201" /><E83/><V73/><F73/><T55/><D57/><U62/><E62/><V82/><F82/><T79/><D117/><U123/><N who="1" m="31520" /><U68/><E68/><V50/><F63/><T85/><D116/><U33/><E33/><N who="2" m="12299" /><F70/><T106/><D71/><U48/><E87/><V51/><F97/><T114/><D114/><U80/><E80/><V127/><F38/><T53/><D60/><U96/><E96/><V67/><F67/><T81/><D65/><U104/><E104/><V32/><N who="2" m="12307" /><V110/><DORA hai="49" /><F110/><T66/><D106/><U128/><E128/><RYUUKYOKU ba="0,0" sc="309,-20,526,10,215,10,0,0" hai1="44,45,46,48,92,94,95" hai2="37,47,50,51,100,101,103,124,125,127" /><INIT seed="5,1,0,1,0,123" ten="289,536,225,0" oya="1" hai0="98,135,129,95,127,54,36,35,86,74,60,3,51" hai1="84,43,134,131,116,38,67,104,63,57,102,107,75" hai2="39,69,52,81,124,58,89,88,97,112,1,76,108" hai3=""/><U66/><E116/><V72/><F1/><T70/><D3/><U133/><E75/><V115/><F39/><T100/><D35/><U49/><E131/><V32/><F69/><T121/><N who="0" m="31008" /><T130/><D74/><U117/><E117/><V79/><F32/><T80/><D36/><U47/><E67/><V33/><F33/><T87/><D127/><U73/><E73/><V113/><F124/><T105/><D105/><U48/><E84/><V68/><F68/><T99/><D99/><U42/><E102/><V109/><F79/><T82/><D135/><N who="1" m="51723" /><E38/><V91/><REACH who="2" step="1"/><F97/><REACH who="2" ten="289,536,215,0" step="2"/><T111/><D98/><U34/><E34/><V78/><F78/><T59/><D129/><U114/><E114/><V55/><F55/><T71/><D54/><U56/><E42/><V0/><F0/><T106/><D130/><U125/><E125/><V85/><F85/><T62/><D86/><U103/><E103/><V64/><F64/><T37/><D37/><U110/><E66/><V120/><N who="2" m="30752" /><V118/><F118/><T46/><D87/><U44/><E43/><V50/><AGARI ba="1,1" hai="50,52,58,72,76,81,88,89,91,108,109,112,113,115" m="30752" machi="50" ten="40,12000,3" yaku="1,1,0,1,15,1,11,1,52,3,54,2,53,1" doraHai="123" doraHaiUra="45" who="2" fromWho="2" sc="289,-41,536,-81,215,132,0,0" /><INIT seed="6,0,0,4,2,79" ten="248,455,347,0" oya="2" hai0="46,107,86,97,106,78,60,123,92,57,133,66,0" hai1="76,84,58,74,117,91,37,48,125,63,108,73,111" hai2="36,70,38,52,53,32,2,77,124,118,110,129,87" hai3=""/><V135/><RYUUKYOKU type="yao9" ba="0,0" sc="248,0,455,0,347,0,0,0" hai2="2,32,36,38,52,53,70,77,87,110,118,124,129,135" /><INIT seed="6,1,0,0,3,52" ten="248,455,347,0" oya="2" hai0="88,36,103,71,115,65,73,62,116,120,53,39,119" hai1="102,134,91,96,66,107,97,93,48,135,111,85,58" hai2="54,47,92,126,106,84,49,105,109,69,64,44,117" hai3=""/><V56/><F117/><T59/><N who="0" m="30752" /><T121/><N who="0" m="31008" /><T101/><D119/><U38/><E111/><V67/><F126/><T94/><D116/><U0/><E0/><V113/><F113/><T63/><D73/><U82/><E38/><V104/><F109/><T80/><D115/><U108/><E108/><V41/><F69/><T55/><D80/><U100/><E48/><V45/><REACH who="2" step="1"/><F41/><REACH who="2" ten="248,455,337,0" step="2"/><T122/><N who="0" m="31264" /><T77/><D77/><U127/><E127/><V110/><F110/><T78/><D78/><U72/><E72/><V34/><F34/><T95/><D53/><U89/><E134/><V83/><F83/><T99/><REACH who="0" step="1"/><D103/><REACH who="0" ten="238,455,337,0" step="2"/><U125/><E102/><V133/><F133/><T57/><D57/><U60/><E135/><V130/><F130/><T90/><D90/><AGARI ba="1,2" hai="44,45,47,49,54,56,64,67,84,90,92,104,105,106" machi="90" ten="50,4800,0" yaku="1,1,52,1,53,0" doraHai="52" doraHaiUra="33" who="2" fromWho="0" sc="238,-50,455,0,337,70,0,0" /><INIT seed="6,2,0,1,3,68" ten="188,455,407,0" oya="2" hai0="121,113,83,34,91,36,84,46,37,3,120,104,102" hai1="88,54,33,130,85,95,89,117,42,127,90,32,96" hai2="48,75,100,62,123,52,43,106,55,0,94,72,93" hai3=""/><V70/><N who="2" m="31520" /><V109/><F109/><T74/><N who="0" m="30752" /><T126/><N who="0" m="31008" /><T112/><D3/><U63/><E130/><V64/><F0/><T35/><D126/><U132/><E127/><V51/><F106/><T125/><D125/><U92/><E132/><V67/><F43/><T2/><D2/><U60/><E117/><V110/><F110/><T119/><D119/><U73/><E73/><V38/><F38/><T45/><D74/><U101/><E42/><V61/><F100/><T114/><D45/><U135/><E135/><V53/><F53/><T77/><D46/><U103/><E54/><V49/><F49/><T133/><D133/><U87/><E90/><V118/><F118/><T59/><D59/><U124/><E124/><V78/><F78/><T115/><D115/><U122/><N who="1" m="31264" /><U116/><E116/><V44/><F44/><T105/><D77/><U131/><E131/><V58/><F58/><T128/><D128/><U81/><E81/><V134/><F134/><T71/><D71/><AGARI ba="2,0" hai="48,51,52,55,61,62,64,67,70,71,72,75,93,94" m="31520" machi="71" ten="25,9600,0" yaku="22,2,52,1,54,1" doraHai="68" who="2" fromWho="0" sc="188,-100,455,0,407,100,0,0" owari="88,-51.2,455,5.5,507,45.7,0,0.0" /></mjloggm>