<mjloggm ver="2.3"><GO type="169" lobby="0"/><UN n0="%E3%82%B9%E3%82%AB%E3%83%9D%E3%83%B3" n1="%E3%81%93%E3%81%9A" n2="%E5%85%83%E9%9B%80%E9%AC%BC" n3="%E3%81%AD%E3%81%93%E3%81%AB%E3%82%83%E3%82%93" dan="16,16,16,17" rate="2076.04,2149.49,2148.95,2149.24" sx="M,M,M,M"/><TAIKYOKU oya="0"/><INIT seed="0,0,0,0,1,75" ten="250,250,250,250" oya="0" hai0="66,71,119,96,115,90,33,11,41,85,22,49,19" hai1="52,13,0,112,47,36,108,59,92,86,70,98,93" hai2="127,3,58,30,6,105,35,9,64,106,77,51,55" hai3="4,99,118,83,132,103,24,20,53,23,91,100,130"/><T38/><D119/><U97/><E108/><V10/><F127/><W94/><G118/><T126/><D115/><U68/><E0/><V15/><F64/><W42/><G132/><T39/><D33/><U128/><E128/><V79/><F30/><W44/><G130/><T123/><D123/><U104/><E104/><V46/><F35/><W37/><G4/><T14/><D96/><U109/><E109/><V40/><F105/><W29/><G23/><T48/><D126/><U84/><E112/><V65/><F65/><W21/><G21/><T1/><D66/><U8/><E36/><V74/><F74/><W116/><G116/><T95/><D71/><U72/><E47/><V5/><REACH who="2" step="1"/><F106/><REACH who="2" ten="250,250,240,250" step="2"/><W111/><G111/><T69/><D69/><U34/><E72/><V101/><F101/><W25/><G100/><T18/><D1/><U57/><E34/><V81/><F81/><W133/><G83/><T16/><D19/><U45/><E68/><V110/><F110/><W120/><G29/><T28/><D28/><U89/><E70/><V131/><F131/><W60/><G103/><T122/><D122/><U134/><E134/><V54/><F54/><W114/><G53/><T31/><D31/><U7/><E45/><V63/><AGARI ba="0,1" hai="3,5,6,9,10,15,40,46,51,55,58,63,77,79" machi="63" ten="20,8000,1" yaku="1,1,0,1,7,1,52,2,53,0" doraHai="75" doraHaiUra="82" who="2" fromWho="2" sc="250,-40,250,-20,240,90,250,-20" /><INIT seed="1,0,0,0,5,67" ten="210,230,330,230" oya="1" hai0="15,130,40,51,93,11,0,72,12,114,13,33,78" hai1="87,63,54,100,129,27,20,103,4,34,21,55,105" hai2="90,28,89,5,45,49,96,42,35,8,50,26,98" hai3="9,61,39,111,29,127,112,95,134,47,17,131,79"/><U44/><E129/><V73/><F73/><W123/><G112/><T60/><D114/><U37/><E34/><V30/><F30/><W121/><G131/><T125/><D125/><U24/><E4/><V1/><REACH who="2" step="1"/><F50/><REACH who="2" ten="210,230,320,230" step="2"/><W117/><G29/><T97/><D51/><N who="1" m="29031" /><E37/><V46/><F46/><W122/><G47/><T107/><D72/><U83/><E105/><V109/><F109/><W85/><G111/><T104/><D107/><U113/><E113/><V14/><F14/><W116/><G39/><T102/><D15/><U22/><E63/><V43/><F43/><W128/><G61/><T71/><D40/><U18/><E55/><V110/><F110/><W80/><G128/><T36/><D104/><U82/><E21/><V119/><F119/><W48/><G48/><T65/><D36/><U66/><E66/><V101/><F101/><N who="1" m="38985" /><E87/><V106/><F106/><W3/><G117/><T88/><D130/><U25/><E25/><V6/><F6/><W69/><G85/><T56/><D60/><U68/><E68/><V16/><F16/><AGARI ba="0,1" hai="16,18,20,22,24,27,82,83" m="38985,29031" machi="16" ten="30,2900,0" yaku="8,1,54,1" doraHai="67" who="1" fromWho="2" sc="210,0,230,39,320,-29,230,0" /><INIT seed="1,1,0,5,5,65" ten="210,269,291,230" oya="1" hai0="125,77,134,1,51,27,71,36,62,132,131,83,114" hai1="50,109,95,29,113,106,19,70,98,33,64,129,89" hai2="104,60,12,108,103,68,97,31,90,10,57,101,37" hai3="26,25,23,96,111,82,34,128,75,59,105,66,41"/><U56/><E113/><V61/><F108/><W130/><G111/><T52/><D114/><U84/><E129/><V53/><F37/><W91/><G41/><T47/><D125/><U119/><E119/><V73/><F73/><W40/><G40/><T3/><D131/><U55/><E109/><V85/><F31/><W63/><G34/><T9/><D27/><U17/><E33/><V115/><F103/><W30/><G26/><T72/><D36/><U126/><E29/><V94/><F115/><W117/><G117/><T76/><D76/><U49/><E49/><V18/><F68/><W124/><G124/><T39/><D39/><U133/><E133/><N who="0" m="51305" /><D9/><U92/><E106/><V48/><AGARI ba="1,0" hai="10,12,18,48,53,57,60,61,85,90,94,97,101,104" machi="48" ten="20,1500,0" yaku="0,1,7,1" doraHai="65" who="2" fromWho="2" sc="210,-5,269,-8,291,18,230,-5" /><INIT seed="2,0,0,0,4,65" ten="205,261,309,225" oya="2" hai0="29,132,52,44,75,83,4,1,57,86,69,94,96" hai1="32,123,7,90,80,42,114,117,79,74,115,110,97" hai2="35,92,130,26,18,84,41,129,36,19,112,21,104" hai3="33,12,77,108,24,30,49,45,93,11,23,6,88"/><V118/><F104/><W71/><G108/><T10/><D132/><U120/><E32/><V119/><F112/><N who="1" m="43049" /><E42/><V113/><F113/><W14/><G77/><T39/><D75/><U17/><E17/><V38/><F35/><W107/><G107/><T101/><D69/><U27/><E27/><V124/><F124/><W31/><G71/><T8/><D29/><U134/><E7/><V111/><F111/><W100/><G100/><T99/><D99/><U72/><E110/><V37/><F41/><W125/><G125/><T82/><D8/><U67/><E67/><V40/><F40/><W20/><G14/><T16/><D39/><U122/><E134/><V63/><F63/><W81/><G81/><N who="0" m="30731" /><D1/><U102/><E90/><N who="2" m="53319" /><F19/><W47/><G31/><T43/><D4/><U133/><E133/><V55/><F55/><W66/><G66/><T135/><D43/><U22/><E22/><V78/><F78/><W51/><G51/><N who="0" m="28775" /><D135/><U121/><N who="1" m="30720" /><DORA hai="50" /><U25/><E25/><V60/><F60/><W98/><G45/><T91/><D57/><U126/><E126/><V106/><F106/><W48/><G49/><T116/><D10/><U128/><E72/><V85/><F38/><W76/><G33/><T73/><D73/><U53/><E53/><V103/><F36/><W13/><G76/><T3/><D3/><U9/><E9/><V54/><F54/><N who="3" m="29983" /><G23/><T89/><D89/><U5/><E5/><V105/><F21/><W61/><G61/><T64/><D64/><U87/><E74/><V109/><F37/><W28/><G28/><T56/><D91/><U95/><E79/><RYUUKYOKU ba="0,0" sc="205,-10,261,-10,309,-10,225,30" hai3="6,11,12,13,20,24,30,88,93,98" /><INIT seed="3,1,0,4,5,90" ten="195,251,299,255" oya="3" hai0="116,56,109,76,51,102,50,93,70,103,72,8,49" hai1="15,68,117,125,67,91,27,34,126,55,107,79,16" hai2="44,18,12,29,66,71,41,20,99,106,0,28,121" hai3="101,64,2,127,52,132,11,4,22,1,59,129,100"/><W39/><G39/><T114/><D116/><U111/><E111/><V23/><F0/><W134/><G2/><T88/><D70/><U14/><E117/><V123/><F66/><W63/><G129/><T45/><D109/><U92/><E79/><V78/><F78/><W65/><G127/><N who="1" m="48650" /><E107/><V40/><F71/><W89/><G22/><T36/><D114/><U75/><E75/><V86/><F86/><W30/><G30/><T80/><D8/><U7/><E7/><V84/><F84/><W83/><G83/><T96/><REACH who="0" step="1"/><D56/><REACH who="0" ten="185,251,299,255" step="2"/><U37/><E68/><V69/><F69/><W9/><G9/><T17/><D17/><U54/><E16/><V115/><F115/><W130/><G130/><T3/><D3/><U60/><E34/><V10/><F10/><W87/><G132/><T47/><D47/><U19/><E19/><V57/><F44/><W26/><G134/><T97/><D97/><N who="1" m="57503" /><E27/><V31/><F18/><W33/><G26/><T82/><D82/><U43/><E14/><V58/><F12/><W135/><G33/><T53/><D53/><U124/><E15/><V5/><F23/><W46/><G135/><T128/><D128/><U122/><E124/><V42/><F20/><W95/><REACH who="3" step="1"/><G46/><REACH who="3" ten="185,251,299,245" step="2"/><T98/><D98/><U61/><E122/><V73/><F123/><W119/><G119/><T38/><D38/><U32/><E32/><V120/><F120/><W94/><G94/><T6/><D6/><U118/><E118/><V81/><F5/><W35/><G35/><T21/><D21/><U105/><E37/><V110/><F121/><W48/><G48/><RYUUKYOKU ba="1,2" sc="185,15,251,-15,299,-15,245,15" hai0="36,45,49,50,51,72,76,80,88,93,96,102,103" hai3="1,4,11,52,59,63,64,65,87,89,95,100,101" /><INIT seed="3,2,2,0,1,85" ten="200,236,284,260" oya="3" hai0="30,130,102,132,123,115,12,55,43,126,103,110,94" hai1="125,56,107,10,112,59,63,60,121,5,75,23,42" hai2="48,77,124,82,90,53,109,72,131,16,25,86,20" hai3="46,2,8,4,69,51,88,133,87,47,21,89,40"/><W73/><G73/><T0/><D43/><U76/><E112/><V27/><F109/><W67/><G133/><T24/><D55/><U18/><E121/><V101/><F124/><W79/><G69/><T100/><D12/><U64/><E107/><V104/><F131/><W31/><G67/><T44/><D44/><U57/><E125/><V17/><F104/><W37/><G79/><T111/><D0/><U19/><E42/><V118/><F118/><W134/><G134/><T105/><D126/><U108/><E108/><N who="0" m="41513" /><D123/><U35/><E35/><V129/><F101/><W34/><G34/><N who="0" m="20807" /><D132/><U71/><E60/><V113/><F129/><W122/><G122/><T74/><D74/><U11/><E11/><V96/><F113/><W83/><G47/><T6/><D6/><U29/><E76/><V61/><F61/><W26/><REACH who="3" step="1"/><G37/><REACH who="3" ten="200,236,284,250" step="2"/><T98/><D130/><U114/><E75/><V45/><F72/><W127/><G127/><T54/><D115/><U22/><E114/><V81/><F77/><W50/><G50/><T38/><D38/><U36/><E36/><V32/><F32/><W52/><G52/><T116/><D116/><U117/><E117/><V106/><F53/><W78/><AGARI ba="2,3" hai="2,4,8,21,26,31,40,46,51,78,83,87,88,89" machi="78" ten="20,18000,2" yaku="1,1,0,1,7,1,52,2,54,1,53,0" doraHai="85" doraHaiUra="93" who="3" fromWho="3" sc="200,-62,236,-62,284,-62,250,216" /><INIT seed="3,3,0,1,5,14" ten="138,174,222,466" oya="3" hai0="41,16,4,99,135,38,122,105,91,35,90,65,119" hai1="73,103,52,80,63,94,42,88,64,100,101,132,31" hai2="34,134,6,130,72,36,2,102,39,54,48,60,83" hai3="95,108,13,44,22,109,40,117,0,120,18,45,125"/><W110/><G120/><T127/><D122/><U61/><E132/><V131/><F34/><W129/><G117/><T70/><D119/><U12/><E42/><V7/><F102/><W89/><G0/><T85/><D4/><U33/><E33/><V133/><F60/><W15/><G129/><N who="2" m="49161" /><F83/><W87/><G125/><T19/><D135/><N who="2" m="51722" /><F72/><W107/><G107/><T128/><D127/><U43/><E43/><V46/><F2/><W68/><G68/><T81/><D35/><U86/><E31/><V96/><F96/><W27/><G45/><T71/><D128/><U69/><E73/><V74/><F74/><W104/><G104/><T66/><D71/><U10/><E63/><V29/><F29/><W30/><G30/><T98/><D70/><U93/><REACH who="1" step="1"/><E52/><REACH who="1" ten="138,164,222,466" step="2"/><V106/><F106/><W56/><REACH who="3" step="1"/><G56/><REACH who="3" ten="138,164,222,456" step="2"/><T32/><D105/><U75/><E75/><V118/><F118/><W50/><AGARI ba="3,2" hai="13,15,18,22,27,40,44,50,87,89,95,108,109,110" machi="50" ten="30,18000,2" yaku="1,1,2,1,0,1,14,1,10,1,52,1,53,0" doraHai="14" doraHaiUra="76" who="3" fromWho="3" sc="138,-63,164,-63,222,-63,456,209" /><INIT seed="3,4,0,2,4,124" ten="75,101,159,665" oya="3" hai0="39,7,78,53,122,131,100,91,28,29,109,73,18" hai1="10,44,32,51,104,64,95,27,40,11,101,130,36" hai2="4,106,79,134,129,123,35,47,14,65,98,128,92" hai3="17,99,45,48,89,2,84,3,114,21,97,119,70"/><W62/><G119/><T113/><D122/><U20/><E32/><V60/><F123/><W126/><G114/><T68/><D68/><U105/><E130/><V116/><F116/><W112/><G112/><T49/><D39/><U103/><E36/><V75/><F35/><W25/><G126/><T135/><D109/><U88/><E64/><V13/><F106/><W71/><G2/><T1/><D135/><U66/><E66/><V125/><F125/><W55/><G3/><T127/><D100/><N who="1" m="38475" /><E105/><V110/><F110/><W81/><G71/><T115/><D131/><N who="2" m="50250" /><F47/><W111/><G111/><T31/><D127/><U22/><E104/><V50/><F50/><W94/><G70/><T54/><D49/><U8/><E27/><V58/><F4/><W120/><G120/><T77/><D7/><U108/><E108/><V41/><F41/><W30/><G62/><T34/><D34/><U63/><E63/><V83/><F134/><W15/><G94/><T74/><D115/><U132/><E132/><V61/><F60/><W93/><G93/><T82/><D113/><U42/><E42/><V56/><F56/><W38/><G38/><T37/><D37/><U52/><E40/><V9/><F9/><AGARI ba="4,0" hai="9,15,17,21,25,30,45,48,55,81,84,89,97,99" machi="9" ten="30,11600,0" yaku="7,1,25,2,8,1" doraHai="124" who="3" fromWho="2" sc="75,0,101,0,159,-128,665,128" /><INIT seed="3,5,0,5,4,36" ten="75,101,31,793" oya="3" hai0="20,7,133,10,13,1,6,71,116,119,39,135,123" hai1="66,88,46,115,44,18,110,64,69,27,109,94,19" hai2="134,77,97,92,14,59,35,120,105,75,50,86,54" hai3="31,95,15,128,72,124,91,129,114,68,100,70,38"/><W22/><G72/><T32/><D71/><U28/><E115/><V101/><F35/><W53/><G114/><T81/><D39/><U93/><E69/><V29/><F134/><N who="0" m="51210" /><D81/><U89/><E28/><V49/><F29/><W63/><G100/><T107/><D107/><U104/><E27/><V80/><F14/><W2/><G2/><T82/><D82/><U26/><E26/><V84/><F120/><W78/><G78/><T37/><D37/><U125/><E125/><V33/><F33/><W103/><G124/><T9/><D32/><U5/><E5/><V65/><F65/><W131/><G103/><T57/><D57/><U17/><E17/><V99/><F50/><W90/><G38/><T74/><D74/><U56/><E56/><V67/><F67/><W117/><G90/><AGARI ba="5,0" hai="49,54,59,75,77,80,84,86,90,92,97,99,101,105" machi="90" ten="30,1000,0" yaku="7,1" doraHai="36" who="2" fromWho="3" sc="75,0,101,0,31,25,793,-25" /><INIT seed="4,0,0,0,2,22" ten="75,101,56,768" oya="0" hai0="58,17,59,116,29,80,63,37,64,8,119,50,88" hai1="91,76,53,95,36,9,45,70,62,135,124,42,133" hai2="30,52,18,79,72,114,38,65,19,99,67,84,87" hai3="23,46,93,5,132,2,113,15,110,96,41,33,123"/><T130/><D37/><U4/><E76/><V44/><F114/><W85/><G33/><T115/><D130/><U128/><E128/><V69/><F38/><W1/><G110/><T101/><D115/><U6/><E124/><V129/><F129/><W74/><G74/><T92/><D101/><U7/><E9/><V102/><F72/><W60/><G132/><N who="1" m="50762" /><E53/><V49/><F30/><W27/><G85/><T68/><D80/><U106/><E106/><V20/><F19/><W94/><G94/><T75/><D29/><U71/><E62/><V40/><F40/><W104/><G104/><T108/><D108/><U54/><E54/><V126/><F126/><W134/><G60/><T61/><D75/><U81/><E81/><V90/><F79/><W73/><G73/><T10/><D50/><U109/><E109/><V39/><F39/><W12/><G2/><T43/><D43/><U118/><E118/><V78/><F78/><W13/><G1/><T26/><D68/><U98/><AGARI ba="0,0" hai="4,6,7,36,42,45,70,71,91,95,98" m="50762" machi="98" ten="30,1100,0" yaku="20,1" doraHai="22" who="1" fromWho="1" sc="75,-5,101,11,56,-3,768,-3" /><INIT seed="5,0,0,4,0,54" ten="70,112,53,765" oya="1" hai0="127,101,89,14,8,50,41,65,103,108,98,121,79" hai1="51,129,72,131,16,99,105,33,69,29,11,84,20" hai2="128,56,45,107,76,31,22,90,67,35,122,58,115" hai3="117,81,91,57,112,68,100,104,97,6,10,24,30"/><U27/><E72/><V47/><F122/><W2/><G68/><T52/><D108/><U44/><E69/><V34/><F107/><W25/><G117/><T43/><D127/><U134/><E134/><V88/><F128/><N who="1" m="49225" /><E11/><V26/><F76/><W55/><G112/><T118/><D65/><U126/><E126/><V135/><F135/><W125/><G125/><T42/><D79/><U110/><E110/><V46/><F67/><W62/><G30/><T83/><D118/><U87/><E99/><V3/><F3/><W40/><G40/><T114/><D114/><U78/><E105/><V70/><F70/><W111/><G111/><T21/><D21/><U1/><E1/><V120/><F120/><W37/><G37/><T109/><D121/><U12/><E78/><V7/><F7/><W75/><G75/><T73/><D73/><U19/><E19/><V0/><F0/><W18/><G18/><N who="0" m="8519" /><D98/><U96/><E96/><V74/><F74/><W48/><G91/><N who="2" m="34857" /><F34/><W133/><G133/><T4/><D4/><U23/><E33/><V60/><F35/><W92/><G104/><T123/><D123/><U39/><E39/><V94/><F115/><W130/><G130/><T32/><D32/><U5/><E5/><V61/><F94/><W36/><G36/><T28/><D28/><U116/><E116/><V85/><F85/><W38/><G38/><T9/><D109/><U71/><E71/><V66/><F66/><W93/><G2/><T63/><D89/><U113/><E113/><V77/><F77/><W17/><G6/><T106/><D106/><U15/><E15/><RYUUKYOKU ba="0,0" sc="70,-15,112,15,53,15,765,-15" hai1="12,16,20,23,27,29,44,51,84,87" hai2="22,26,31,45,46,47,56,58,60,61" /><INIT seed="5,1,0,0,4,40" ten="55,127,68,750" oya="1" hai0="119,103,19,1,7,67,73,116,26,108,12,83,134" hai1="80,60,55,2,28,62,27,5,120,100,17,64,98" hai2="82,85,95,49,0,81,65,46,51,31,37,131,133" hai3="57,99,86,84,87,39,29,130,74,6,101,54,66"/><U129/><E129/><V92/><F0/><W132/><G74/><T52/><D108/><U111/><E120/><V4/><F131/><W36/><G66/><T14/><D67/><U20/><E111/><V127/><F127/><W72/><G72/><T24/><D103/><U50/><E2/><V75/><F75/><W33/><G132/><T23/><D134/><U90/><E5/><V71/><F37/><W124/><G124/><T121/><D83/><U25/><E80/><V18/><F133/><W102/><G102/><T79/><D52/><U16/><E90/><V123/><F31/><W56/><G56/><T47/><D47/><N who="1" m="28127" /><E27/><N who="0" m="10281" /><D79/><U105/><E105/><V77/><F4/><W69/><G6/><T118/><D73/><U8/><E8/><V89/><F123/><W15/><G33/><T126/><D126/><U11/><E11/><V125/><F51/><W9/><G9/><N who="0" m="4159" /><D121/><U114/><E114/><V45/><F49/><W10/><G39/><T61/><D61/><N who="1" m="23659" /><E64/><V96/><F125/><W135/><G130/><T58/><D58/><U35/><E35/><V38/><F38/><W44/><G57/><T30/><D1/><U94/><AGARI ba="1,0" hai="16,17,20,25,28,94,98,100" m="23659,28127" machi="94" ten="30,6000,0" yaku="8,1,52,1,54,1" doraHai="40" who="1" fromWho="1" sc="55,-21,127,63,68,-21,750,-21" /><INIT seed="5,2,0,0,2,35" ten="34,190,47,729" oya="1" hai0="45,124,134,62,76,36,120,19,40,20,132,65,84" hai1="102,9,113,126,69,63,33,11,71,30,115,46,57" hai2="15,54,78,97,87,31,34,92,0,53,100,104,95" hai3="26,28,64,41,107,68,130,112,123,94,85,91,106"/><U3/><E126/><V109/><F109/><W83/><G123/><T93/><D124/><U99/><E46/><V43/><F34/><W48/><G130/><T98/><D84/><U110/><E110/><V21/><F0/><W58/><G68/><T37/><D76/><U125/><E125/><V24/><F43/><W90/><G112/><N who="1" m="43082" /><E30/><V96/><F15/><W70/><G70/><N who="1" m="26634" /><E3/><V89/><F104/><W74/><G74/><T111/><D37/><U60/><E33/><V72/><REACH who="2" step="1"/><F72/><REACH who="2" ten="34,190,37,729" step="2"/><W50/><G106/><T105/><D105/><N who="1" m="63711" /><E63/><V61/><F61/><N who="3" m="37943" /><G107/><T52/><D111/><U2/><E2/><V6/><F6/><W122/><G41/><T38/><D40/><U4/><E4/><V82/><AGARI ba="2,1" hai="21,24,31,53,54,78,82,87,89,92,95,96,97,100" machi="82" ten="30,7900,0" yaku="1,1,0,1,8,1,53,1" doraHai="35" doraHaiUra="27" who="2" fromWho="2" sc="34,-22,190,-41,37,95,729,-22" /><INIT seed="6,0,0,3,1,2" ten="12,149,132,707" oya="2" hai0="109,5,128,117,111,82,54,80,53,15,85,64,7" hai1="92,66,51,42,107,24,3,32,38,61,129,77,112" hai2="101,40,132,33,56,72,10,0,21,124,36,59,123" hai3="23,104,47,100,122,99,30,106,41,50,1,39,114"/><V78/><F123/><W83/><G1/><T62/><D128/><U68/><E129/><V96/><F33/><W37/><G106/><T81/><D117/><U55/><E112/><V29/><F124/><W76/><G122/><T19/><D85/><U17/><E3/><V113/><F113/><W26/><G114/><T46/><D111/><U57/><E107/><V118/><F118/><W16/><G30/><T95/><D95/><U108/><E108/><V73/><F73/><AGARI ba="0,0" hai="16,23,26,37,39,41,47,50,73,76,83,99,100,104" machi="73" ten="30,2000,0" yaku="7,1,54,1" doraHai="2" who="3" fromWho="2" sc="12,0,149,0,132,-20,707,20" /><INIT seed="7,0,0,2,4,97" ten="12,149,112,727" oya="3" hai0="52,75,92,56,65,113,133,82,125,46,90,13,112" hai1="78,119,99,38,106,104,64,43,98,94,85,39,8" hai2="25,28,79,122,18,57,109,5,55,45,102,84,107" hai3="41,129,76,86,132,116,60,0,21,23,111,58,17"/><W63/><G116/><T22/><D65/><U127/><E119/><V128/><F109/><W53/><G0/><T66/><D66/><U117/><E117/><V108/><F108/><W10/><G111/><T118/><D118/><U69/><E127/><V47/><F128/><W11/><G129/><T67/><D67/><U27/><E27/><V61/><F122/><W135/><G41/><T2/><D46/><U29/><E29/><V51/><F5/><W105/><G105/><T114/><D2/><U120/><E8/><V70/><F18/><W31/><G63/><T40/><D40/><U126/><E126/><V93/><F107/><W9/><G31/><T48/><D125/><U103/><E120/><V95/><F95/><W121/><G121/><T42/><D42/><U91/><E43/><V115/><F115/><W87/><G23/><T62/><D62/><U77/><E64/><V3/><F3/><W44/><G44/><T80/><D75/><U1/><E69/><V54/><F70/><W35/><G35/><T81/><D133/><N who="3" m="51273" /><G76/><N who="1" m="29290" /><E1/><V73/><F73/><W110/><G110/><T50/><D50/><U16/><E16/><V72/><F72/><W7/><G7/><T32/><D32/><U130/><E130/><V124/><F124/><W59/><G59/><T26/><D13/><AGARI ba="0,0" hai="9,10,11,13,17,21,53,58,60,86,87" m="51273" machi="13" ten="30,1500,0" yaku="20,1" doraHai="97" who="3" fromWho="0" sc="12,-15,149,0,112,0,727,15" owari="-3,-50.3,149,-5.1,112,-28.8,742,84.2" /></mjloggm>