<mjloggm ver="2.3"><GO type="169" lobby="0"/><UN n0="%E3%83%93%E3%83%81%E3%83%A3%E5%B1%B1%E3%83%93%E3%83%81%E3%83%A3%E7%94%B7" n1="%E5%85%83%E9%9B%80%E9%AC%BC" n2="%E3%82%86%E3%81%88%E3%81%84%E3%81%95" n3="%E3%82%B9%E3%82%AB%E3%83%9D%E3%83%B3" dan="18,16,16,16" rate="2226.42,2146.86,2095.57,2070.32" sx="M,M,M,M"/><TAIKYOKU oya="0"/><INIT seed="0,0,0,3,3,71" ten="250,250,250,250" oya="0" hai0="102,86,101,135,53,4,96,74,27,8,15,63,125" hai1="111,130,99,124,132,77,129,78,105,48,104,26,5" hai2="56,87,115,50,65,32,119,97,57,33,11,47,28" hai3="79,120,24,89,98,9,36,46,43,123,93,112,59"/><T90/><D125/><U35/><E5/><V16/><F115/><W31/><G112/><T60/><D135/><U69/><E69/><V108/><F108/><W3/><G79/><T1/><D74/><U0/><E0/><V22/><F119/><W76/><G76/><T18/><D27/><U94/><E48/><V116/><F116/><W82/><G82/><T100/><D53/><U25/><E35/><V42/><F11/><W13/><G59/><T75/><D96/><U73/><E94/><V131/><F131/><W2/><G13/><T34/><D34/><U54/><E99/><V88/><F97/><W70/><G70/><T41/><D41/><U68/><E68/><V84/><F84/><W51/><G51/><T21/><REACH who="0" step="1"/><D75/><REACH who="0" ten="240,250,250,250" step="2"/><U110/><E73/><V40/><F40/><W37/><G43/><T52/><D52/><U19/><E54/><V91/><F33/><W95/><G24/><T83/><AGARI ba="0,1" hai="1,4,8,15,18,21,60,63,83,86,90,100,101,102" machi="83" ten="30,3000,0" yaku="1,1,0,1,53,0" doraHai="71" doraHaiUra="128" who="0" fromWho="0" sc="240,40,250,-10,250,-10,250,-10" /><INIT seed="0,1,0,4,1,55" ten="280,240,240,240" oya="0" hai0="124,54,86,3,113,78,60,132,123,58,89,66,38" hai1="134,28,23,52,117,10,35,9,75,93,106,5,4" hai2="6,34,14,130,102,82,21,90,22,37,118,8,42" hai3="51,101,91,31,49,32,111,73,24,125,120,79,36"/><T121/><D132/><U135/><E106/><V50/><F118/><W81/><G111/><T127/><D38/><U107/><E75/><V131/><F34/><W129/><G125/><N who="0" m="48203" /><D113/><U16/><E107/><V62/><F37/><W63/><G129/><N who="2" m="49161" /><F102/><W99/><G120/><T56/><D78/><U25/><E93/><V97/><F62/><W20/><G36/><T26/><D26/><N who="1" m="18839" /><E52/><V44/><F97/><W33/><G91/><T29/><D29/><U87/><E87/><AGARI ba="1,0" hai="6,8,14,21,22,42,44,50,82,87,90" m="49161" machi="87" ten="30,1000,0" yaku="19,1" doraHai="55" who="2" fromWho="1" sc="280,0,240,-13,240,13,240,0" /><INIT seed="1,0,0,2,4,87" ten="280,227,253,240" oya="1" hai0="54,31,20,35,42,6,1,3,67,44,39,36,105" hai1="108,75,43,111,84,53,104,121,21,24,32,23,120" hai2="94,92,128,81,47,58,113,17,34,38,95,71,107" hai3="130,15,10,82,74,133,129,19,0,134,76,123,116"/><U117/><E75/><V7/><F71/><W98/><G123/><T68/><D39/><U12/><E104/><V65/><F107/><W66/><G66/><T52/><D20/><U25/><E43/><V110/><F34/><W132/><G116/><T86/><D105/><U62/><E62/><V16/><F110/><W91/><G0/><T118/><D118/><U50/><E32/><V4/><F128/><W114/><G114/><T59/><D35/><U33/><E33/><V9/><F113/><W64/><G64/><T101/><D31/><U27/><E117/><V49/><F38/><W115/><G115/><T103/><D54/><U124/><E124/><V28/><F28/><W135/><N who="3" m="33792" /><DORA hai="5" /><W63/><G63/><T127/><D86/><U72/><E72/><V97/><F81/><W122/><G122/><T77/><D77/><U56/><E84/><V45/><F45/><W125/><G125/><T109/><D3/><U131/><E23/><V96/><F65/><W11/><G11/><N who="0" m="2511" /><D109/><N who="1" m="42059" /><E131/><V57/><F97/><W70/><G70/><T55/><D55/><U13/><E13/><N who="2" m="7215" /><F96/><W26/><G26/><T8/><D8/><U78/><E78/><V106/><F106/><W80/><G98/><T99/><D99/><U46/><E46/><V2/><F2/><W51/><G130/><T22/><D22/><U61/><E61/><V73/><F73/><W85/><G129/><T90/><D127/><U14/><E14/><V112/><F112/><W119/><G119/><T79/><D79/><U41/><E41/><N who="2" m="24815" /><F17/><AGARI ba="0,0" hai="12,17,21,24,25,27,50,53,56,120,121" m="42059" machi="17" ten="30,2900,0" yaku="14,1,10,1" doraHai="87,5" who="1" fromWho="2" sc="280,0,227,29,253,-29,240,0" /><INIT seed="1,1,0,3,4,71" ten="280,256,224,240" oya="1" hai0="13,133,74,18,30,109,53,37,62,40,6,93,132" hai1="14,135,67,68,94,130,1,125,92,39,72,8,48" hai2="22,66,84,117,70,98,56,69,47,126,33,105,121" hai3="25,81,95,83,110,11,54,27,9,131,10,88,57"/><U52/><E1/><V106/><F117/><W129/><G110/><T45/><D109/><U115/><E115/><V123/><F33/><W97/><G27/><T119/><D119/><U34/><E72/><V103/><F126/><W124/><G25/><T113/><D113/><U76/><E34/><V26/><F106/><W17/><G17/><T35/><D74/><U86/><E125/><V43/><F84/><W80/><REACH who="3" step="1"/><G124/><REACH who="3" ten="280,256,224,230" step="2"/><T23/><D6/><U75/><E75/><V2/><F123/><W3/><G3/><T73/><D73/><U87/><E135/><V60/><F2/><W108/><G108/><T99/><D30/><U36/><E130/><V58/><F121/><W128/><G128/><T101/><D35/><U32/><E32/><V78/><F70/><W64/><G64/><T24/><D13/><U63/><E76/><V7/><F78/><W100/><G100/><T50/><REACH who="0" step="1"/><D62/><AGARI ba="1,1" hai="9,10,11,54,57,62,80,81,83,88,95,97,129,131" machi="62" ten="40,5200,0" yaku="1,1,54,1,53,1" doraHai="71" doraHaiUra="85" who="3" fromWho="0" sc="280,-55,256,0,224,0,230,65" /><INIT seed="2,0,0,2,2,17" ten="225,256,224,295" oya="2" hai0="69,50,46,124,70,81,128,90,5,25,77,10,44" hai1="100,21,86,117,42,71,66,47,93,73,63,107,24" hai2="132,94,2,74,48,27,23,87,75,33,61,72,113" hai3="62,43,85,118,101,91,65,28,68,6,12,80,32"/><V110/><F113/><W126/><G118/><T112/><D112/><U67/><E73/><V104/><F104/><W7/><G126/><T4/><D128/><U76/><E117/><V114/><F114/><W79/><G43/><T29/><D124/><U82/><E67/><V123/><F123/><W22/><G32/><T106/><D90/><U37/><E93/><V105/><F105/><W121/><G121/><T64/><D106/><U96/><E107/><V57/><F2/><W34/><G34/><T84/><D64/><U134/><E134/><V95/><F132/><W59/><G101/><T129/><D46/><U130/><E100/><V49/><F33/><W1/><G1/><T31/><D5/><U8/><E8/><V116/><F116/><W3/><G3/><T131/><D131/><U89/><E96/><V53/><F110/><W127/><G68/><T36/><D36/><U11/><E11/><V0/><F0/><W54/><G65/><T58/><D58/><U103/><E103/><V35/><F35/><W135/><G127/><T40/><D31/><U120/><E120/><V55/><F87/><W97/><G135/><T51/><D51/><U41/><E41/><V13/><F13/><W115/><G115/><T20/><D129/><U83/><E130/><V39/><F39/><W122/><G122/><T98/><D98/><U109/><E109/><V60/><F49/><W78/><G97/><T108/><D108/><U45/><E45/><N who="2" m="27791" /><F61/><W26/><G12/><AGARI ba="0,0" hai="4,10,12,20,25,29,40,44,50,69,70,77,81,84" machi="12" ten="30,7700,0" yaku="7,1,25,2,52,1" doraHai="17" who="0" fromWho="3" sc="225,77,256,0,224,0,295,-77" /><INIT seed="3,0,0,4,1,72" ten="302,256,224,218" oya="3" hai0="39,22,50,21,30,60,11,93,86,7,36,63,79" hai1="83,46,33,70,100,19,73,98,35,106,24,104,25" hai2="124,6,114,44,9,74,84,13,95,105,102,64,87" hai3="119,28,67,14,92,121,53,132,41,48,45,129,135"/><W123/><G28/><T31/><D93/><U47/><E70/><V125/><F114/><W27/><G27/><T61/><D50/><U2/><E2/><V0/><F64/><W85/><G14/><T77/><D63/><U18/><E73/><V116/><F116/><W65/><G92/><T43/><D86/><U5/><E5/><V103/><F0/><W52/><G85/><T54/><D7/><U26/><E83/><V17/><F6/><W113/><G119/><T38/><D38/><U34/><REACH who="1" step="1"/><E106/><REACH who="1" ten="302,246,224,218" step="2"/><V110/><F74/><W29/><G113/><T75/><D75/><U97/><E97/><V81/><F105/><W126/><G129/><T122/><D122/><N who="3" m="46601" /><G126/><T101/><D101/><U96/><E96/><V56/><F103/><W51/><G29/><T118/><D118/><U20/><E20/><V12/><F102/><W58/><G41/><T66/><D43/><U127/><E127/><V131/><F131/><W62/><G67/><T57/><D66/><U115/><E115/><V37/><F125/><W112/><G112/><T15/><D30/><U88/><E88/><V10/><F124/><W16/><G16/><AGARI ba="0,1" hai="16,18,19,24,25,26,33,34,35,46,47,98,100,104" machi="16" ten="50,3200,0" yaku="1,1,54,1,53,0" doraHai="72" doraHaiUra="117" who="1" fromWho="3" sc="302,0,246,42,224,0,218,-32" /><INIT seed="4,0,0,5,0,58" ten="302,288,224,186" oya="0" hai0="18,106,89,35,117,7,83,114,23,90,100,68,51" hai1="0,52,78,111,103,113,24,53,115,14,96,15,56" hai2="11,21,121,102,61,120,129,26,32,107,6,3,49" hai3="75,105,46,44,67,65,16,59,110,66,70,48,45"/><T124/><D114/><N who="1" m="43531" /><E0/><V34/><F129/><W91/><G105/><T79/><D124/><U112/><E111/><V64/><F49/><W39/><G75/><T54/><D35/><U36/><E36/><V17/><F107/><W71/><G91/><T86/><D117/><U109/><E109/><V77/><F77/><W99/><G99/><T4/><D68/><N who="3" m="26153" /><G16/><T55/><D106/><U76/><E24/><V28/><F102/><W94/><G94/><T98/><D100/><U133/><E53/><N who="0" m="19977" /><D51/><N who="1" m="30751" /><E133/><V81/><F81/><W119/><G119/><T132/><D132/><U104/><N who="1" m="43539" /><U63/><DORA hai="134" /><E63/><V128/><F128/><W47/><G110/><T8/><D8/><U135/><E135/><V101/><F101/><W5/><G5/><N who="0" m="2123" /><D98/><U88/><E88/><V13/><F34/><W69/><G39/><T130/><D130/><U108/><E108/><V97/><F97/><W33/><G33/><T126/><D126/><U82/><E78/><V87/><F87/><AGARI ba="0,0" hai="14,15,76,82,87,96,103,104" m="30751,43539" machi="87" ten="40,5200,0" yaku="15,1,11,1,54,1" doraHai="58,134" who="1" fromWho="2" sc="302,0,288,52,224,-52,186,0" /><INIT seed="5,0,0,5,3,84" ten="302,340,172,186" oya="1" hai0="74,78,26,114,41,54,59,32,85,23,9,20,57" hai1="93,133,29,67,130,16,47,12,90,43,28,124,86" hai2="113,64,115,119,55,49,8,82,51,39,135,109,63" hai3="110,96,31,104,107,95,22,105,101,102,33,83,5"/><U126/><E67/><V15/><F109/><W7/><G33/><T98/><D114/><N who="2" m="43530" /><F119/><W45/><G110/><T19/><D74/><U116/><E116/><V10/><F39/><W134/><G134/><T88/><D32/><U65/><E65/><V3/><F3/><W24/><G102/><T123/><D123/><U89/><E130/><V108/><F108/><W6/><G45/><T18/><D9/><N who="2" m="3690" /><F135/><W44/><G44/><T91/><D98/><N who="1" m="57647" /><E47/><V25/><F25/><W111/><G111/><T132/><D132/><U27/><E27/><V100/><F100/><W30/><REACH who="3" step="1"/><G83/><REACH who="3" ten="302,340,172,176" step="2"/><N who="0" m="47351" /><D41/><U103/><E43/><V120/><F120/><W0/><G0/><T14/><D59/><U97/><E133/><V94/><F82/><W73/><G73/><T60/><AGARI ba="0,1" hai="14,18,19,20,23,26,54,57,60,88,91" m="47351" machi="60" ten="30,7900,0" yaku="8,1,52,2,54,1" doraHai="84" who="0" fromWho="0" sc="302,89,340,-39,172,-20,176,-20" /><INIT seed="6,0,0,3,1,19" ten="391,301,152,156" oya="2" hai0="37,115,52,45,66,95,68,46,64,32,8,83,113" hai1="18,5,34,23,91,130,106,103,27,49,118,39,10" hai2="121,57,67,85,77,51,63,112,65,104,17,84,0" hai3="101,105,124,98,9,47,92,62,29,119,43,4,15"/><V36/><F121/><W114/><G124/><T44/><D32/><U110/><E110/><V72/><F36/><W86/><G119/><T42/><D95/><U75/><E75/><V134/><F112/><N who="0" m="43082" /><D8/><U120/><E39/><V55/><F104/><W116/><G116/><T56/><D83/><U6/><E130/><V89/><F134/><W90/><G114/><T99/><D99/><U22/><E34/><V14/><F0/><W25/><G62/><N who="0" m="40023" /><D64/><U59/><E118/><V82/><F72/><W50/><G105/><T94/><D94/><U13/><E120/><V133/><F133/><W54/><G101/><T35/><D35/><U69/><E69/><V79/><F85/><W41/><G98/><T74/><D74/><U20/><E5/><V111/><F111/><W102/><REACH who="3" step="1"/><G102/><REACH who="3" ten="391,301,152,146" step="2"/><T122/><D122/><U31/><E103/><V117/><F117/><W7/><G7/><T11/><D11/><U48/><E6/><V28/><F67/><W128/><G128/><T135/><D135/><U80/><E106/><V88/><F65/><W100/><G100/><T125/><D125/><U109/><E109/><V61/><F63/><AGARI ba="0,1" hai="37,42,44,45,46,52,56,63" m="40023,43082" machi="63" ten="30,7700,0" yaku="15,1,34,2,54,1" doraHai="19" who="0" fromWho="2" sc="391,87,301,0,152,-77,146,0" /><INIT seed="7,0,0,2,4,100" ten="478,301,75,146" oya="3" hai0="42,104,134,52,43,54,47,49,120,26,114,40,125" hai1="80,119,56,74,98,107,18,46,91,131,117,11,22" hai2="13,103,8,92,79,115,35,110,15,89,0,14,1" hai3="19,113,2,93,33,84,37,71,135,20,9,132,27"/><W88/><G113/><T57/><D104/><U75/><E131/><V12/><F115/><W17/><G37/><T94/><D114/><U105/><E11/><V7/><F110/><W133/><G71/><T34/><D34/><U53/><E46/><V121/><F79/><W45/><G33/><T32/><D32/><U51/><E98/><V64/><F121/><W24/><G45/><T87/><D125/><U109/><E109/><V10/><F64/><W86/><G86/><T21/><D134/><U23/><E23/><V122/><F122/><W65/><G65/><T85/><D94/><U30/><E30/><V78/><F78/><W118/><G118/><N who="1" m="45066" /><E91/><V70/><F70/><W63/><G63/><N who="0" m="36263" /><D120/><U129/><E129/><V38/><F38/><W3/><G27/><T128/><D128/><U73/><E80/><V59/><F35/><W97/><G97/><T68/><D68/><U90/><E90/><V60/><N who="2" m="3072" /><DORA hai="72" /><V126/><F126/><W124/><G124/><T16/><AGARI ba="0,0" hai="16,21,26,40,42,43,47,49,54,85,87" m="36263" machi="16" ten="30,4000,0" yaku="8,1,54,2" doraHai="100,72" who="0" fromWho="0" sc="478,40,301,-10,75,-10,146,-20" owari="518,61.8,291,9.1,65,-43.5,126,-27.4" /></mjloggm>