<mjloggm ver="2.3"><GO type="169" lobby="0"/><UN n0="%E3%82%86%E3%81%86%E3%83%A1%E3%83%BC%E3%83%AB" n1="%E3%81%8B%E3%81%97%E3%81%8B%E3%81%8A" n2="%E3%83%AC%E3%83%87%E3%82%B9%E3%83%9E" n3="%E3%82%B3%E3%83%BC%E3%82%BF%E3%81%AE%E5%85%84" dan="17,16,16,16" rate="2119.61,2161.43,2004.12,2106.50" sx="M,M,M,M"/><TAIKYOKU oya="0"/><INIT seed="0,0,0,5,4,110" ten="250,250,250,250" oya="0" hai0="59,49,25,42,57,91,33,105,78,48,115,108,14" hai1="52,123,76,134,53,88,100,28,19,87,31,16,60" hai2="111,121,83,34,50,64,47,104,127,71,18,112,114" hai3="80,70,35,118,98,107,95,72,38,69,17,45,10"/><T40/><D105/><U46/><E123/><V75/><F121/><W77/><G17/><N who="1" m="6730" /><E134/><V43/><F104/><W116/><G10/><T86/><D78/><U117/><E117/><N who="3" m="45162" /><G35/><T92/><D108/><U13/><E76/><V15/><F34/><W85/><G85/><T89/><D14/><U113/><E113/><V131/><F111/><W12/><G95/><T97/><D33/><U0/><E0/><V106/><F106/><W126/><G126/><T132/><D132/><U51/><E100/><V65/><F127/><W133/><G12/><T41/><D25/><U124/><E13/><V67/><F71/><W23/><G23/><T5/><D115/><U11/><E11/><V20/><REACH who="2" step="1"/><F131/><REACH who="2" ten="250,250,240,250" step="2"/><W63/><G133/><T81/><D5/><U119/><E124/><V2/><F2/><W99/><G107/><T128/><D128/><U125/><E125/><V130/><F130/><W55/><G69/><T66/><D66/><U61/><E119/><V109/><F109/><W29/><G70/><T26/><D26/><U1/><E1/><V94/><F94/><W30/><G72/><T22/><D22/><U56/><E60/><V27/><F27/><W62/><G63/><T6/><D6/><U96/><E96/><V7/><F7/><W4/><G62/><T39/><D97/><U93/><AGARI ba="0,1" hai="28,31,46,51,52,53,56,61,87,88,93" m="6730" machi="93" ten="30,7900,0" yaku="8,1,54,3" doraHai="110" who="1" fromWho="1" sc="250,-39,250,89,240,-20,250,-20" /><INIT seed="1,0,0,5,3,31" ten="211,339,220,230" oya="1" hai0="102,117,25,52,68,57,118,73,85,33,9,104,0" hai1="90,86,37,2,99,93,61,109,116,51,95,131,100" hai2="84,105,6,41,123,72,21,59,125,38,69,110,119" hai3="16,66,82,94,50,67,10,113,20,45,77,75,34"/><U111/><E37/><V128/><RYUUKYOKU type="yao9" ba="0,0" sc="211,0,339,0,220,0,230,0" hai2="6,21,38,41,59,69,72,84,105,110,119,123,125,128" /><INIT seed="1,1,0,2,0,41" ten="211,339,220,230" oya="1" hai0="55,34,21,62,88,61,113,69,93,56,20,115,14" hai1="122,38,50,43,105,78,28,52,22,2,31,114,13" hai2="80,134,64,100,47,120,101,107,129,58,109,35,29" hai3="0,133,103,98,102,30,86,23,42,131,32,79,71"/><U57/><E114/><V97/><F120/><W65/><G0/><T124/><D124/><U27/><E122/><V91/><F109/><W95/><G133/><T26/><D34/><U125/><E2/><V84/><F134/><W99/><G32/><T48/><D14/><U110/><E105/><V85/><F101/><W36/><G131/><T126/><D20/><U82/><E125/><V121/><F129/><W9/><G9/><T104/><D104/><U108/><E28/><V46/><F121/><W118/><G118/><T67/><D48/><U128/><E128/><V119/><F119/><W40/><G71/><T81/><D81/><U106/><E106/><V59/><F85/><W96/><G65/><T68/><D68/><U51/><E38/><V76/><F76/><W83/><G36/><T135/><D135/><U123/><E123/><V18/><F18/><W4/><G4/><T89/><D89/><U117/><E13/><V19/><F19/><W11/><G11/><T66/><D66/><U132/><E132/><V45/><REACH who="2" step="1"/><F64/><REACH who="2" ten="211,339,210,230" step="2"/><W7/><G7/><T54/><D126/><U63/><E117/><V39/><F39/><W53/><G102/><T60/><D113/><U25/><E25/><AGARI ba="1,1" hai="25,29,35,45,46,47,58,59,80,84,91,97,100,107" machi="25" ten="40,8000,1" yaku="1,1,52,3,53,1" doraHai="41" doraHaiUra="77" who="2" fromWho="1" sc="211,0,339,-83,210,93,230,0" /><INIT seed="2,0,0,3,2,63" ten="211,256,303,230" oya="2" hai0="93,113,127,35,6,107,121,85,58,104,99,130,23" hai1="54,31,96,86,91,70,77,20,116,61,72,92,57" hai2="79,83,62,84,5,132,28,52,68,82,36,1,65" hai3="101,90,45,71,0,110,118,55,81,64,100,128,24"/><V50/><F36/><W97/><G0/><T22/><D121/><U51/><E116/><V13/><F1/><W41/><G118/><T8/><D113/><U49/><E72/><V19/><F5/><W98/><G128/><T120/><D35/><U88/><E77/><V103/><F28/><W21/><G110/><T115/><D115/><U105/><E70/><V30/><F30/><W42/><G71/><T29/><D22/><U2/><E2/><V78/><F103/><W25/><G55/><T38/><D38/><U18/><E31/><V119/><F132/><W94/><G81/><T37/><D37/><U74/><E74/><V123/><F123/><W34/><G34/><T15/><D120/><U73/><E73/><V134/><F134/><W112/><G112/><T39/><D39/><U67/><E54/><V124/><F124/><W131/><G131/><T9/><D9/><U111/><E111/><V66/><F62/><W3/><G3/><T14/><D58/><U12/><REACH who="1" step="1"/><E105/><REACH who="1" ten="211,246,303,230" step="2"/><V27/><F68/><W125/><G125/><T95/><D127/><U11/><E11/><N who="2" m="6591" /><F119/><W44/><G21/><T106/><D130/><U46/><E46/><N who="2" m="27735" /><F27/><W10/><G10/><T40/><D107/><U122/><E122/><V53/><F53/><W75/><G75/><T7/><D106/><U48/><E48/><V80/><F79/><W109/><G109/><T108/><D104/><U133/><E133/><V59/><F59/><W56/><G56/><T76/><D8/><U87/><E87/><V16/><F16/><W135/><G135/><T33/><D108/><U114/><E114/><RYUUKYOKU ba="0,1" sc="211,-15,246,15,303,15,230,-15" hai1="12,18,20,49,51,57,61,67,86,88,91,92,96" hai2="65,66,78,80,82,83,84" /><INIT seed="2,1,1,5,3,67" ten="196,261,318,215" oya="2" hai0="108,120,130,110,43,12,20,51,48,27,42,112,96" hai1="91,69,123,121,68,4,29,59,63,46,76,73,38" hai2="124,19,40,57,66,106,30,134,88,116,72,56,129" hai3="37,52,115,98,22,81,7,135,100,111,23,114,92"/><V119/><F72/><W47/><G7/><T61/><D120/><N who="1" m="46155" /><E29/><V109/><F106/><W101/><G135/><T15/><D112/><N who="3" m="43049" /><G111/><N who="0" m="42539" /><D130/><U122/><N who="1" m="46163" /><U62/><DORA hai="11" /><E4/><V54/><F30/><W85/><G101/><T10/><D96/><U36/><E91/><V28/><F28/><W9/><G9/><T18/><D61/><N who="1" m="23051" /><E59/><V93/><F57/><W103/><G103/><T133/><D133/><U25/><E25/><V78/><F56/><W131/><G131/><T34/><D34/><U64/><E64/><V65/><F134/><W128/><G128/><T55/><D51/><U53/><E76/><V31/><F78/><N who="3" m="46263" /><G37/><N who="1" m="14442" /><E73/><V24/><F109/><W83/><G83/><T50/><D50/><AGARI ba="1,1" hai="46,50,53,68,69" m="14442,23051,46163" machi="50" ten="50,8000,1" yaku="13,1,34,2,52,2" doraHai="67,11" who="1" fromWho="0" sc="196,-83,261,93,318,0,215,0" /><AGARI ba="1,0" hai="22,23,47,50,52,92,98,100" m="46263,43049" machi="50" ten="30,2000,0" yaku="11,1,54,1" doraHai="67,11" who="3" fromWho="0" sc="113,-20,354,0,318,0,215,20" /><INIT seed="3,0,0,0,1,98" ten="93,354,318,235" oya="3" hai0="12,54,8,126,39,103,1,27,97,64,83,92,37" hai1="53,127,115,124,119,55,30,77,33,89,91,10,3" hai2="82,133,117,78,70,76,125,88,66,22,46,24,85" hai3="95,106,135,41,0,26,56,81,11,84,59,32,36"/><W19/><G106/><T100/><D126/><N who="1" m="48171" /><E115/><V134/><F125/><W21/><G135/><N who="2" m="51721" /><F117/><W116/><G116/><T131/><D1/><U9/><E119/><V17/><F46/><W42/><G32/><T129/><D64/><U18/><E77/><N who="2" m="29803" /><F66/><W93/><G0/><T112/><D83/><U51/><E33/><V16/><F70/><W90/><G11/><N who="1" m="4106" /><E3/><V96/><F96/><W45/><G41/><T6/><D112/><U44/><E30/><AGARI ba="0,0" hai="16,17,22,24,30,82,85,88" m="29803,51721" machi="30" ten="30,3900,0" yaku="20,1,54,2" doraHai="98" who="2" fromWho="1" sc="93,0,354,-39,318,39,235,0" /><INIT seed="4,0,0,1,0,25" ten="93,315,357,235" oya="0" hai0="104,124,117,94,42,101,71,95,21,63,39,38,80" hai1="127,5,86,125,131,66,109,27,56,81,120,99,79" hai2="44,76,130,112,13,87,113,43,40,52,64,90,23" hai3="132,107,93,46,16,59,69,47,19,98,11,72,102"/><T53/><D117/><U84/><E109/><V32/><F32/><W24/><G69/><T2/><D124/><N who="1" m="47691" /><E120/><V118/><F76/><W37/><G72/><T30/><D2/><U92/><E131/><V15/><F64/><W97/><G132/><T68/><D80/><U67/><E5/><V115/><F130/><W18/><G37/><T133/><D133/><U114/><E114/><V91/><F118/><W7/><G59/><T110/><D110/><U20/><E84/><V85/><F52/><W1/><REACH who="3" step="1"/><G24/><REACH who="3" ten="93,315,357,225" step="2"/><T58/><D71/><U108/><E56/><V14/><F44/><W123/><G123/><T78/><D68/><U8/><E108/><V22/><F115/><W17/><N who="3" m="4096" /><DORA hai="35" /><W100/><AGARI ba="0,1" hai="1,7,11,46,47,93,97,98,100,102,107" m="4096" machi="100" ten="40,12000,2" yaku="1,1,4,1,0,1,52,1,54,1,53,1" doraHai="25,35" doraHaiUra="9,34" who="3" fromWho="3" sc="93,-60,315,-30,357,-30,225,130" /><INIT seed="5,0,0,5,4,39" ten="33,285,327,355" oya="1" hai0="37,21,63,92,85,132,65,24,81,113,13,51,125" hai1="101,98,9,67,87,47,2,73,130,128,74,93,71" hai2="53,61,114,91,112,10,77,60,56,97,75,84,80" hai3="25,131,107,15,23,99,54,96,133,115,30,134,88"/><U129/><E67/><V111/><F111/><W36/><G36/><T12/><D37/><U43/><E71/><V90/><F10/><W28/><G115/><N who="2" m="44073" /><F97/><W103/><G131/><T0/><D113/><U123/><E123/><V68/><F75/><W89/><G30/><T76/><D0/><U16/><E87/><V49/><F61/><W95/><G54/><T66/><D125/><U34/><E34/><V26/><F26/><W106/><G15/><T5/><D132/><N who="3" m="50793" /><G89/><T35/><D35/><U117/><E117/><V55/><F68/><W110/><G110/><T109/><D109/><U4/><REACH who="1" step="1"/><E16/><REACH who="1" ten="33,275,327,355" step="2"/><V20/><F20/><W31/><G31/><T122/><D122/><U42/><E42/><V102/><F55/><W50/><G107/><T19/><D5/><U41/><E41/><V118/><F118/><W83/><G83/><T27/><D66/><U79/><E79/><V17/><F77/><W32/><G32/><T18/><D51/><AGARI ba="0,1" hai="2,4,9,43,47,51,73,74,93,98,101,128,129,130" machi="51" ten="40,7700,0" yaku="1,1,19,1,52,1,53,0" doraHai="39" doraHaiUra="69" who="1" fromWho="0" sc="33,-77,275,87,327,0,355,0" /><AGARI ba="0,0" hai="23,25,28,50,51,88,95,96,99,103,106" m="50793" machi="51" ten="30,2000,0" yaku="20,1,54,1" doraHai="39" who="3" fromWho="0" sc="-44,-20,362,0,327,0,355,20" owari="-64,-56.4,362,16.2,327,-7.3,375,47.5" /></mjloggm>