<mjloggm ver="2.3"><GO type="185" lobby="0"/><UN n0="%E6%9F%8A%E3%81%A4%E3%82%80%E3%81%8E" n1="%E3%82%AC%E3%83%BC%E3%83%8D%E3%83%83%E3%83%88" n2="%E3%83%9E%E3%83%A4%E3%82%B7%E3%82%B3%E3%82%AC%E3%83%81%E5%8B%A2" n3="" dan="16,16,16,0" rate="2134.31,2255.50,2191.46,1500.00" sx="M,M,M,C"/><TAIKYOKU oya="0"/><INIT seed="0,0,0,0,0,66" ten="350,350,350,0" oya="0" hai0="90,107,85,58,129,35,54,131,57,67,106,64,83" hai1="76,89,48,65,63,119,34,98,92,111,110,100,56" hai2="135,80,69,122,43,93,113,73,102,118,61,128,109" hai3=""/><T94/><D35/><U46/><E34/><V37/><RYUUKYOKU type="yao9" ba="0,0" sc="350,0,350,0,350,0,0,0" hai2="37,43,61,69,73,80,93,102,109,113,118,122,128,135" /><INIT seed="0,1,0,2,1,107" ten="350,350,350,0" oya="0" hai0="57,125,129,34,87,54,106,41,1,36,112,85,95" hai1="113,80,0,47,104,102,74,56,121,60,114,77,127" hai2="101,45,63,92,108,40,67,130,89,111,58,126,35" hai3=""/><T62/><D112/><N who="1" m="43115" /><E0/><V68/><F35/><T109/><D1/><U105/><N who="1" m="31008" /><U52/><E127/><V39/><F126/><T38/><D34/><U33/><E33/><V32/><F32/><T93/><D125/><U70/><E102/><V97/><F130/><T71/><D106/><U76/><E70/><V88/><REACH who="2" step="1"/><F68/><REACH who="2" ten="350,350,340,0" step="2"/><T117/><D129/><U133/><E133/><V78/><F78/><T82/><D71/><U116/><E116/><V135/><F135/><T83/><D117/><U120/><N who="1" m="30752" /><U91/><E77/><V100/><F100/><T48/><D109/><AGARI ba="1,1" hai="39,40,45,58,63,67,88,89,92,97,101,108,109,111" machi="109" ten="40,5200,0" yaku="1,1,14,1,54,1,53,0" doraHai="107" doraHaiUra="3" who="2" fromWho="0" sc="350,-54,350,0,340,64,0,0" /><INIT seed="1,0,0,4,3,120" ten="296,350,404,0" oya="1" hai0="2,70,125,93,79,80,82,74,129,85,92,32,48" hai1="52,109,68,66,42,123,73,55,108,110,69,64,43" hai2="87,36,53,77,90,65,112,34,97,33,96,50,107" hai3=""/><U106/><N who="1" m="31520" /><U131/><E73/><V44/><F112/><T111/><D2/><U114/><E114/><V88/><F36/><T102/><D111/><U49/><E106/><V75/><F75/><T94/><D129/><U124/><E131/><V98/><F107/><T58/><D70/><N who="1" m="27243" /><E124/><V84/><F77/><T105/><D32/><U99/><E99/><V59/><F87/><T37/><D37/><U89/><E89/><V71/><F90/><T127/><D105/><U116/><E116/><V135/><F84/><T61/><D48/><U39/><E55/><V117/><F88/><T60/><D102/><U132/><E132/><V76/><F135/><T40/><D127/><U54/><E54/><V78/><F117/><T86/><D125/><U81/><E81/><V51/><F33/><T100/><D100/><U113/><E113/><V95/><F34/><T46/><D74/><U1/><E1/><V67/><F97/><T130/><D130/><U62/><E39/><V72/><F98/><T133/><D133/><U38/><E38/><V63/><F72/><T134/><D134/><U115/><E115/><V47/><F96/><T126/><D126/><U35/><E35/><V57/><F53/><T41/><D80/><U119/><E119/><RYUUKYOKU ba="0,0" sc="296,0,350,0,404,0,0,0" /><INIT seed="2,1,0,1,2,122" ten="296,350,404,0" oya="2" hai0="52,90,57,60,91,114,1,68,126,89,86,75,125" hai1="99,133,94,123,46,50,59,41,105,79,65,80,62" hai2="66,97,0,128,49,85,42,37,88,81,87,102,130" hai3=""/><V110/><F0/><T131/><D1/><U111/><N who="1" m="31520" /><U129/><E133/><V36/><F66/><T132/><D75/><U63/><E129/><N who="2" m="49771" /><F49/><T135/><D131/><U103/><E63/><V118/><F118/><T33/><D114/><U76/><E111/><V84/><F110/><T95/><D33/><U113/><E113/><V124/><F124/><N who="0" m="47722" /><D68/><U47/><E80/><V64/><F64/><T34/><D34/><U104/><E104/><V48/><F48/><T121/><N who="0" m="31008" /><T92/><D86/><N who="2" m="33386" /><F42/><T83/><D83/><U69/><E69/><V51/><F51/><T58/><D58/><U70/><E70/><V112/><F112/><T96/><D96/><U109/><E109/><V40/><F40/><T53/><D53/><U127/><E127/><V35/><F35/><T77/><D77/><U39/><REACH who="1" step="1"/><E105/><AGARI ba="1,0" hai="36,37,81,87,88,97,102,105" m="33386,49771" machi="105" ten="30,2900,0" yaku="19,1,54,1" doraHai="122" who="2" fromWho="1" sc="296,0,350,-31,404,31,0,0" /><INIT seed="2,2,0,5,5,69" ten="296,319,435,0" oya="2" hai0="43,105,96,3,75,125,87,104,90,134,93,74,85" hai1="61,89,2,101,130,126,94,113,123,56,78,66,64" hai2="119,46,40,0,109,102,37,52,58,47,99,121,106" hai3=""/><V76/><N who="2" m="31008" /><V112/><F119/><T63/><D3/><U73/><N who="1" m="31520" /><U135/><E113/><V111/><F112/><T53/><D134/><U38/><E2/><V100/><F0/><T82/><D43/><U83/><E135/><V103/><F76/><T65/><D125/><U35/><E126/><V98/><F47/><T62/><D53/><U41/><E35/><V72/><F72/><T97/><D62/><U84/><E130/><V132/><F132/><T91/><D63/><U108/><E108/><N who="2" m="41547" /><F106/><N who="0" m="41066" /><D65/><U68/><E66/><V92/><F99/><AGARI ba="2,0" hai="74,75,82,85,87,90,91,93,96,97,99" m="41066" machi="99" ten="30,8000,1" yaku="35,5" doraHai="69" who="0" fromWho="2" sc="296,84,319,0,435,-84,0,0" /><INIT seed="4,0,0,1,3,1" ten="380,319,351,0" oya="0" hai0="71,49,82,124,3,69,75,42,90,87,117,95,128" hai1="132,33,77,61,118,83,88,91,99,120,46,40,98" hai2="103,65,2,108,35,64,84,51,79,111,57,86,131" hai3=""/><T36/><D3/><U115/><N who="1" m="30752" /><U110/><E110/><V112/><F2/><T85/><D117/><U109/><E109/><V89/><F112/><T67/><D75/><U123/><N who="1" m="31520" /><U97/><E118/><V34/><F131/><T44/><D128/><U130/><E130/><V92/><F103/><T101/><D124/><U74/><E115/><V37/><F37/><T70/><D67/><U76/><E132/><V107/><F107/><T134/><D134/><U38/><E33/><V43/><F43/><T68/><N who="0" m="17408" /><DORA hai="53" /><T73/><D101/><U102/><E102/><V104/><F104/><T105/><D73/><U129/><E129/><V125/><F125/><T80/><D105/><U63/><REACH who="1" step="1"/><E77/><REACH who="1" ten="380,309,351,0" step="2"/><V47/><F79/><T133/><D133/><U127/><E127/><V66/><F35/><T52/><REACH who="0" step="1"/><D85/><REACH who="0" ten="370,309,351,0" step="2"/><U116/><E116/><V56/><F84/><T93/><D93/><U100/><E100/><V62/><F34/><T94/><D94/><U55/><E55/><V58/><F111/><T45/><AGARI ba="0,2" hai="36,42,44,45,49,52,80,82,87,90,95" m="17408" machi="45" ten="60,7800,0" yaku="1,1,0,1,54,1,53,0" doraHai="1,53" doraHaiUra="135,54" who="0" fromWho="0" sc="370,98,309,-39,351,-39,0,0" /><INIT seed="4,1,0,5,4,101" ten="468,270,312,0" oya="0" hai0="58,121,107,40,114,32,99,91,125,105,110,103,124" hai1="102,94,73,39,49,117,34,41,52,48,122,116,87" hai2="36,129,69,66,75,93,90,130,37,89,53,128,56" hai3=""/><T46/><N who="0" m="31008" /><T76/><D32/><U64/><N who="1" m="31264" /><U43/><E34/><V95/><F75/><T100/><D114/><U113/><E113/><V118/><F118/><T77/><D110/><U59/><E73/><V88/><F66/><T2/><D58/><U127/><E127/><N who="0" m="48713" /><D91/><U134/><E134/><V109/><F69/><T1/><D100/><U131/><E131/><V57/><F57/><T35/><D105/><U67/><E102/><V82/><F82/><T62/><D62/><U133/><E94/><N who="2" m="35851" /><F109/><T54/><D54/><U51/><E116/><V45/><F45/><T70/><D70/><U80/><E117/><V111/><F111/><T72/><D72/><U38/><E67/><V98/><F98/><T83/><D83/><U126/><E64/><V120/><N who="2" m="30752" /><V47/><F47/><T42/><D35/><U50/><E126/><V65/><F65/><T132/><D132/><U86/><E133/><V68/><F68/><T60/><D60/><AGARI ba="1,0" hai="36,37,53,56,60,88,89,90,128,129,130" m="30752,35851" machi="60" ten="40,5200,0" yaku="19,1,52,1,54,1" doraHai="101" who="2" fromWho="0" sc="468,-54,270,0,312,54,0,0" /><INIT seed="5,0,0,2,0,129" ten="414,270,366,0" oya="1" hai0="1,44,118,59,95,32,85,120,64,88,108,125,123" hai1="40,43,82,69,132,115,106,39,78,98,104,105,63" hai2="90,127,113,117,66,62,52,54,0,65,55,37,56" hai3=""/><U109/><E115/><V112/><F0/><T83/><N who="0" m="30752" /><T100/><N who="0" m="31520" /><T35/><D108/><U92/><E109/><V48/><F117/><T80/><D1/><U94/><E132/><V45/><F127/><T81/><D125/><U135/><E135/><V67/><F90/><T75/><D118/><U114/><E114/><N who="2" m="44139" /><F37/><T96/><D44/><U2/><E2/><V58/><F55/><T76/><REACH who="0" step="1"/><D81/><REACH who="0" ten="404,270,366,0" step="2"/><U134/><E134/><V89/><F89/><T110/><D110/><U93/><E39/><V126/><F126/><T86/><D86/><U130/><E130/><V49/><AGARI ba="0,1" hai="45,48,49,52,54,56,58,62,65,66,67" m="44139" machi="49" ten="30,6000,1" yaku="15,1,11,1,34,2,54,1" doraHai="129" who="2" fromWho="2" sc="404,-20,270,-40,366,70,0,0" /><INIT seed="6,0,0,3,1,34" ten="384,230,436,0" oya="2" hai0="81,122,92,47,42,130,94,88,119,101,40,83,67" hai1="44,87,115,134,36,117,84,50,128,57,60,126,55" hai2="2,52,103,64,97,111,120,89,61,82,54,56,113" hai3=""/><V132/><N who="2" m="30752" /><V79/><F2/><T104/><N who="0" m="31264" /><T118/><D130/><U68/><E128/><V123/><N who="2" m="31520" /><V106/><F113/><T102/><D67/><U75/><E115/><V100/><F132/><T69/><D69/><U58/><E134/><V96/><F89/><T93/><D104/><U85/><E126/><V76/><F111/><T135/><D135/><U51/><E117/><V37/><F37/><T3/><D3/><U32/><E32/><V105/><F79/><T59/><D59/><U0/><E75/><AGARI ba="0,0" hai="52,54,56,61,64,75,76,82,96,97,100,103,105,106" m="31520,30752" machi="75" ten="30,12000,1" yaku="7,1,9,1,52,2,54,1" doraHai="34" who="2" fromWho="1" sc="384,0,230,-120,436,120,0,0" owari="384,-1.6,110,-49.0,556,50.6,0,0.0" /></mjloggm>