<mjloggm ver="2.3"><GO type="185" lobby="0"/><UN n0="%E3%82%89%E3%82%93%E3%81%A1%E3%81%87%E3%81%99%E3%81%9F" n1="%E5%A4%A7%E5%92%8C%E6%A1%9C" n2="%E7%A0%82%E5%90%B9%E3%81%8D%E3%82%93" n3="" dan="16,17,17,0" rate="2223.45,2243.61,2252.67,1500.00" sx="M,F,M,C"/><TAIKYOKU oya="0"/><INIT seed="0,0,0,1,2,96" ten="350,350,350,0" oya="0" hai0="46,130,1,75,45,131,85,70,81,35,49,56,80" hai1="68,106,64,122,84,40,65,110,54,116,50,2,82" hai2="74,109,88,59,55,91,87,126,107,100,66,113,89" hai3=""/><T103/><D35/><U53/><N who="1" m="31264" /><U134/><E116/><V102/><F113/><T127/><D1/><U117/><E117/><V57/><F74/><T3/><D3/><U92/><E106/><V135/><F107/><T38/><D70/><U48/><E2/><V115/><F115/><T36/><D127/><U67/><E110/><V120/><N who="2" m="30752" /><V104/><F104/><T93/><D75/><U105/><E105/><V90/><F126/><T63/><D36/><U114/><E114/><V94/><F135/><T98/><D38/><U60/><E40/><V58/><F109/><T77/><D81/><U133/><E92/><V125/><F125/><T101/><D103/><N who="2" m="39466" /><F66/><T42/><REACH who="0" step="1"/><D46/><REACH who="0" ten="340,350,350,0" step="2"/><U71/><E71/><V129/><F129/><T73/><D73/><U51/><E68/><V121/><N who="2" m="31008" /><V69/><F69/><T83/><D83/><U44/><E134/><V61/><AGARI ba="0,1" hai="55,57,58,59,61,87,88,89,90,91,94" m="31008,39466,30752" machi="61" ten="30,9000,2" yaku="8,1,52,5,54,1" doraHai="96" who="2" fromWho="2" sc="340,-60,350,-30,350,100,0,0" /><INIT seed="1,0,0,0,4,101" ten="280,320,450,0" oya="1" hai0="106,91,60,2,93,42,34,99,40,54,89,115,71" hai1="96,94,120,98,119,105,114,102,87,58,45,133,86" hai2="44,61,78,132,92,127,63,100,43,131,116,111,48" hai3=""/><U80/><N who="1" m="30752" /><U112/><E119/><V55/><F116/><T74/><D115/><U64/><E45/><V70/><F132/><T90/><D34/><U46/><E46/><V124/><F78/><T118/><D2/><U109/><E133/><V39/><F92/><T108/><D74/><U81/><E109/><V41/><F100/><T135/><D135/><U36/><E36/><V73/><F73/><T121/><N who="0" m="31008" /><T51/><D118/><U88/><E58/><V56/><F111/><T130/><D130/><U77/><E64/><V33/><F33/><T79/><D79/><AGARI ba="0,0" hai="77,79,80,81,86,87,88,94,96,98,102,105,112,114" m="30752" machi="79" ten="30,24000,3" yaku="7,1,9,1,34,3,52,2,54,1" doraHai="101" who="1" fromWho="0" sc="280,-240,320,240,450,0,0,0" /><INIT seed="1,1,0,1,0,134" ten="40,560,450,0" oya="1" hai0="66,90,61,51,46,123,50,117,97,94,36,106,114" hai1="92,63,47,33,104,49,67,53,69,100,60,102,71" hai2="88,95,48,70,128,79,54,81,74,107,44,40,86" hai3=""/><U43/><E33/><V35/><F128/><T109/><N who="0" m="31520" /><T126/><D114/><U0/><E0/><V87/><F70/><T77/><D109/><U64/><E104/><V129/><F129/><T62/><D117/><U52/><E92/><V125/><F107/><T32/><D32/><U127/><E127/><V72/><F35/><T118/><D118/><U99/><E99/><V68/><F68/><T57/><D126/><U130/><E130/><V82/><F125/><T42/><D77/><U34/><E34/><V65/><F65/><T103/><REACH who="0" step="1"/><D62/><REACH who="0" ten="30,560,450,0" step="2"/><U41/><E102/><V2/><F2/><T75/><D75/><U56/><E100/><V84/><REACH who="2" step="1"/><F40/><REACH who="2" ten="30,560,440,0" step="2"/><T59/><D59/><U37/><E43/><V120/><N who="2" m="30752" /><V111/><F111/><T132/><D132/><U108/><E108/><V80/><F80/><T115/><D115/><U78/><E78/><AGARI ba="1,2" hai="44,48,54,72,74,78,79,81,82,84,86,87,88,95" m="30752" machi="78" ten="30,16000,3" yaku="1,1,7,1,9,1,52,1,54,1,53,3" doraHai="134" doraHaiUra="83" who="2" fromWho="1" sc="30,0,560,-162,440,182,0,0" /><INIT seed="2,0,0,5,5,67" ten="30,398,622,0" oya="2" hai0="92,73,87,65,33,126,40,130,71,132,34,109,72" hai1="58,116,61,118,115,90,117,55,123,83,97,74,85" hai2="125,102,59,63,38,43,105,121,129,60,52,54,86" hai3=""/><V80/><N who="2" m="31008" /><V113/><F113/><T68/><D65/><U2/><N who="1" m="31520" /><U120/><N who="1" m="30752" /><U106/><E115/><V56/><F129/><T104/><D87/><U75/><E2/><V98/><F125/><T79/><D79/><U124/><E124/><V66/><F43/><T108/><D126/><U93/><E106/><V53/><F38/><T35/><D40/><U84/><REACH who="1" step="1"/><E84/><REACH who="1" ten="30,388,622,0" step="2"/><V127/><F127/><T39/><D104/><U36/><E36/><V32/><F32/><T103/><D130/><U111/><E111/><N who="0" m="42569" /><D39/><U114/><E114/><V48/><F48/><T70/><D132/><U134/><E134/><V42/><F86/><T99/><AGARI ba="0,1" hai="33,34,35,68,70,71,72,73,92,99,103" m="42569" machi="99" ten="50,6000,1" yaku="14,1,52,3" doraHai="67" who="0" fromWho="0" sc="30,70,388,-20,622,-40,0,0" /><INIT seed="4,0,0,5,2,37" ten="100,368,582,0" oya="0" hai0="95,80,48,131,53,121,102,61,86,93,75,60,100" hai1="42,59,69,103,107,62,106,82,51,55,126,77,52" hai2="73,109,76,3,40,45,35,72,34,84,132,88,127" hai3=""/><T46/><N who="0" m="31008" /><T1/><D1/><U117/><E117/><V81/><F109/><T98/><D131/><U110/><E110/><V104/><F3/><T56/><D75/><U87/><E126/><V39/><F104/><T129/><D129/><U36/><E103/><V78/><F127/><T54/><D61/><U125/><E125/><V64/><F132/><T70/><D70/><U96/><E96/><V32/><F64/><T122/><N who="0" m="31264" /><T50/><D60/><U58/><REACH who="1" step="1"/><E69/><REACH who="1" ten="100,358,582,0" step="2"/><V65/><F35/><T112/><D112/><U0/><E0/><V38/><F32/><T108/><D108/><U134/><E134/><V120/><N who="2" m="30752" /><V63/><F34/><T114/><D114/><U2/><E2/><V135/><F135/><T33/><D33/><U133/><E133/><V116/><F116/><T111/><D111/><U128/><E128/><V71/><F38/><T99/><D86/><U97/><E97/><V118/><F118/><T123/><N who="0" m="31520" /><T115/><D115/><U47/><AGARI ba="0,1" hai="36,42,47,51,52,55,58,59,62,77,82,87,106,107" machi="47" ten="30,5900,0" yaku="1,1,0,1,52,1,54,1,53,0" doraHai="37" doraHaiUra="130" who="1" fromWho="1" sc="100,-39,358,69,582,-20,0,0" /><INIT seed="5,0,0,2,3,118" ten="61,427,562,0" oya="1" hai0="85,61,52,34,106,71,72,121,46,135,99,116,120" hai1="88,78,40,132,126,119,83,84,95,74,65,123,128" hai2="48,129,113,104,117,73,43,77,125,98,124,2,37" hai3=""/><U44/><N who="1" m="31520" /><U64/><E119/><V1/><F117/><T76/><N who="0" m="30752" /><T57/><N who="0" m="31008" /><T112/><D116/><U87/><E132/><V47/><F48/><T58/><D34/><U134/><E134/><V63/><F129/><T103/><D135/><U36/><E128/><V96/><F63/><T60/><D112/><U130/><E130/><V70/><F70/><T53/><D72/><U86/><REACH who="1" step="1"/><E126/><REACH who="1" ten="61,417,562,0" step="2"/><V42/><F124/><T105/><D71/><U62/><E62/><V38/><F125/><T56/><D56/><U51/><E51/><V39/><F39/><T69/><D69/><U110/><E110/><V94/><F38/><T66/><D46/><U59/><E59/><V49/><F37/><T102/><D66/><AGARI ba="0,1" hai="36,40,44,64,65,66,74,78,83,84,86,87,88,95" m="31520" machi="66" ten="40,12000,1" yaku="1,1,52,2,54,1,53,1" doraHai="118" doraHaiUra="75" who="1" fromWho="0" sc="61,-120,417,130,562,0,0,0" owari="-59,-65.9,547,14.7,562,51.2,0,0.0" /></mjloggm>