<mjloggm ver="2.3"><GO type="225" lobby="0"/><UN n0="%E3%81%8B%E3%82%8F%E3%81%A1%E3%82%83%E3%82%93%35%38" n1="%54%4F%52" n2="%E3%82%B7%E3%83%B3%E5%A4%AA%E6%9C%97" n3="%72%61%6B%33" dan="16,17,16,16" rate="2087.90,2271.35,2129.24,2224.05" sx="M,M,M,M"/><TAIKYOKU oya="0"/><INIT seed="0,0,0,2,2,133" ten="250,250,250,250" oya="0" hai0="123,59,27,22,82,121,61,15,8,53,90,89,42" hai1="110,24,35,50,29,66,31,84,1,79,3,62,54" hai2="107,36,52,103,111,68,40,25,19,20,74,64,0" hai3="134,106,119,28,14,17,4,34,115,57,135,75,101"/><T98/><D123/><U6/><E110/><V93/><F111/><W9/><G75/><T78/><D121/><U92/><E31/><V60/><F0/><N who="3" m="135" /><G106/><T48/><D98/><U112/><E112/><V77/><F107/><W125/><G57/><T81/><D42/><U104/><E104/><V117/><F117/><W13/><G101/><T120/><D48/><U126/><E6/><V72/><F77/><W71/><G71/><T88/><D120/><U99/><E84/><V95/><F40/><W33/><G115/><T67/><D67/><U18/><E18/><V44/><F36/><W128/><G119/><T12/><D78/><U108/><E79/><V65/><F65/><W23/><G128/><T83/><REACH who="0" step="1"/><D8/><REACH who="0" ten="240,250,250,250" step="2"/><U113/><E99/><V130/><F130/><W39/><G39/><T118/><D118/><U96/><E50/><V129/><F129/><W26/><G135/><T5/><D5/><U127/><E66/><V122/><F122/><W97/><G97/><T21/><D21/><U91/><E108/><V131/><F131/><W86/><G134/><T73/><D73/><U51/><E113/><V116/><F116/><W69/><G86/><T76/><D76/><U32/><E32/><V132/><F132/><W100/><G34/><T124/><D124/><N who="1" m="47659" /><E62/><V49/><F103/><W85/><G100/><T105/><D105/><U109/><E109/><V63/><F60/><W46/><G125/><T10/><D10/><U2/><E51/><V37/><F37/><W41/><G85/><T80/><N who="0" m="20480" /><DORA hai="102" /><T38/><D38/><U45/><E54/><V55/><F55/><RYUUKYOKU ba="0,1" sc="240,10,250,10,250,10,250,-30" hai0="12,15,22,27,53,59,61,88,89,90" hai1="1,2,3,24,29,35,45,91,92,96" hai2="19,20,25,44,49,52,63,64,68,72,74,93,95" /><INIT seed="0,1,1,5,4,117" ten="250,260,260,220" oya="0" hai0="83,89,104,30,58,68,37,66,103,4,81,62,17" hai1="112,2,65,45,43,82,96,31,124,60,24,134,70" hai2="69,3,128,109,127,51,111,9,63,74,115,55,38" hai3="0,23,44,129,100,20,1,25,113,107,52,132,99"/><T76/><D37/><U19/><E124/><V102/><F38/><W85/><G113/><T95/><D104/><U119/><E119/><V72/><F127/><W116/><G116/><T73/><D103/><U108/><E112/><V87/><F115/><W114/><G114/><T98/><D83/><U106/><E108/><N who="2" m="41547" /><F128/><W50/><G129/><T118/><D118/><U42/><E134/><V48/><F102/><W92/><G132/><T77/><D77/><U130/><E130/><V91/><F48/><W39/><G39/><T90/><D4/><U14/><E2/><V36/><F36/><W34/><G34/><T49/><D30/><U27/><E82/><V46/><F63/><W8/><G8/><T11/><D90/><U121/><E121/><V26/><F26/><W7/><G7/><T53/><REACH who="0" step="1"/><D11/><REACH who="0" ten="240,260,260,220" step="2"/><U32/><E106/><V122/><F122/><W120/><G120/><T13/><D13/><U79/><E79/><V18/><F3/><W22/><REACH who="3" step="1"/><G25/><REACH who="3" ten="240,260,260,210" step="2"/><T110/><D110/><U54/><E24/><V78/><F9/><W47/><G47/><T15/><D15/><U12/><E12/><V88/><F46/><W41/><G41/><T67/><D67/><U94/><E42/><V28/><F55/><W80/><G80/><T10/><D10/><U16/><E54/><V40/><F40/><W131/><G131/><T57/><D57/><U133/><E133/><V6/><F6/><W71/><G71/><T21/><D21/><U5/><E14/><V101/><F69/><W125/><G125/><T84/><D84/><U29/><E5/><V35/><F87/><RYUUKYOKU ba="1,3" sc="240,15,260,-15,260,-15,210,15" hai0="17,49,53,58,62,66,68,73,76,81,89,95,98" hai3="0,1,20,22,23,44,50,52,85,92,99,100,107" /><INIT seed="0,2,3,4,2,17" ten="255,245,245,225" oya="0" hai0="126,95,108,2,125,103,67,72,124,80,34,46,5" hai1="96,7,64,14,83,29,3,51,15,60,130,79,48" hai2="81,82,91,68,99,88,39,93,105,58,114,62,18" hai3="84,77,56,73,52,113,36,97,61,135,111,109,57"/><T54/><D34/><U38/><E38/><V4/><F68/><W133/><G113/><T119/><D119/><U47/><E130/><V107/><F39/><W112/><G112/><T122/><D122/><U131/><E131/><V55/><F114/><W65/><G36/><T8/><D108/><N who="3" m="41545" /><G73/><T86/><D67/><U121/><E121/><V117/><F117/><W71/><G97/><N who="0" m="59839" /><D72/><U45/><E29/><V127/><F127/><W87/><G71/><T42/><D54/><U120/><E120/><V32/><F32/><W25/><G25/><T9/><D5/><U31/><E31/><V43/><F43/><W85/><G77/><N who="0" m="46351" /><D2/><U16/><E96/><V118/><F4/><W116/><G116/><T49/><AGARI ba="2,3" hai="8,9,42,46,49,124,125,126" m="46351,59839" machi="49" ten="30,1500,0" yaku="18,1" doraHai="17" who="0" fromWho="0" sc="255,51,245,-7,245,-7,225,-7" /><INIT seed="0,3,0,2,5,0" ten="306,238,238,218" oya="0" hai0="7,93,73,53,70,123,110,121,18,44,124,122,129" hai1="76,24,80,81,111,72,64,29,14,36,37,26,43" hai2="27,4,96,128,86,106,50,97,56,39,120,65,31" hai3="48,103,131,115,25,102,21,75,54,116,127,92,55"/><T126/><D73/><U52/><E111/><V135/><F39/><W83/><G116/><T113/><D113/><U51/><E64/><V109/><F120/><W42/><G115/><T5/><D70/><U134/><E134/><V59/><F109/><W1/><G1/><T13/><D110/><U67/><E67/><V17/><F128/><W95/><G127/><N who="0" m="48683" /><D129/><U57/><E43/><V63/><F135/><W40/><G131/><T91/><D53/><U60/><E60/><V32/><F4/><N who="0" m="1610" /><D44/><U87/><E14/><V79/><F106/><W85/><G75/><T82/><D82/><U23/><REACH who="1" step="1"/><E26/><REACH who="1" ten="306,228,238,218" step="2"/><V69/><F27/><W117/><G25/><T105/><D105/><U10/><E10/><V99/><F69/><W6/><G54/><T15/><D18/><U8/><E8/><V47/><F17/><W108/><G55/><T45/><D45/><U84/><E84/><AGARI ba="3,1" hai="13,15,84,91,93,121,122,123" m="1610,48683" machi="84" ten="40,12000,1" yaku="18,1,52,3" doraHai="0" who="0" fromWho="1" sc="306,139,228,-129,238,0,218,0" /><INIT seed="0,4,0,2,2,53" ten="445,99,238,218" oya="0" hai0="71,66,16,104,127,51,101,125,105,2,42,40,26" hai1="132,11,76,32,134,15,82,108,106,133,92,20,41" hai2="28,46,88,55,5,90,24,21,116,62,47,69,113" hai3="130,121,83,78,67,7,70,49,57,89,31,10,87"/><T135/><D2/><U84/><E32/><V9/><F113/><W25/><G130/><T99/><D105/><U33/><E33/><V98/><F116/><W119/><G119/><T68/><D135/><U110/><E41/><N who="0" m="15977" /><D51/><U54/><E106/><V117/><F117/><W4/><G121/><T123/><D66/><U85/><E20/><V96/><F69/><W122/><G122/><T95/><D95/><U93/><E54/><V34/><F34/><W1/><G70/><T50/><D50/><U12/><E11/><V65/><F65/><W73/><G4/><T58/><D58/><U94/><REACH who="1" step="1"/><E85/><REACH who="1" ten="445,89,238,218" step="2"/><V97/><F55/><W126/><G10/><T29/><D123/><U102/><E102/><V37/><F21/><W75/><G87/><T72/><D101/><U36/><E36/><V118/><F9/><W128/><G75/><T131/><D72/><U38/><E38/><V107/><F37/><W35/><G73/><T111/><D104/><U103/><E103/><V100/><F107/><W129/><G35/><T44/><D131/><U27/><E27/><V64/><F100/><W8/><G25/><T109/><D26/><U79/><E79/><V86/><F118/><W43/><G78/><T120/><D120/><U81/><E81/><V114/><F86/><W18/><G129/><T60/><D29/><U124/><E124/><V6/><F24/><W80/><G31/><T52/><D127/><U17/><E17/><V19/><F19/><W3/><G126/><T23/><D16/><U22/><E22/><V14/><F28/><W91/><G128/><T0/><D125/><RYUUKYOKU ba="4,1" sc="445,-10,89,30,238,-10,218,-10" hai1="12,15,76,82,84,92,93,94,108,110,132,133,134" /><INIT seed="1,5,1,5,5,90" ten="435,119,228,208" oya="1" hai0="99,49,125,45,113,76,119,94,104,74,70,50,107" hai1="134,96,31,23,56,112,18,5,37,132,20,60,55" hai2="86,133,123,102,64,62,89,101,53,33,41,93,29" hai3="19,127,6,8,13,115,114,108,117,128,3,65,11"/><U80/><E112/><N who="3" m="43050" /><G65/><T63/><D119/><U21/><E37/><V68/><F123/><W39/><G39/><T52/><D125/><U106/><E5/><V83/><F133/><N who="1" m="51305" /><E80/><V12/><F41/><W100/><G100/><T111/><D111/><U110/><E110/><V122/><F122/><W98/><G98/><T88/><D113/><U75/><E75/><V126/><F126/><W95/><G95/><T36/><D36/><U77/><E77/><V42/><F42/><W38/><G38/><T44/><D74/><U4/><E4/><V69/><F69/><W79/><G79/><T109/><D76/><U34/><E34/><V10/><F53/><W61/><G61/><T27/><D109/><U129/><E129/><V54/><F54/><W1/><G108/><T92/><D49/><U118/><E118/><V124/><F124/><W14/><G127/><T15/><D45/><U22/><E31/><V17/><F29/><W58/><G58/><T91/><D27/><N who="1" m="14743" /><E96/><V16/><F33/><W48/><G48/><T35/><D35/><U82/><E82/><V25/><F83/><W24/><G117/><T121/><D121/><U87/><E87/><V26/><F25/><W46/><G46/><T72/><D72/><U40/><E40/><V28/><F28/><W120/><G120/><T66/><D15/><U51/><E106/><V2/><F2/><N who="3" m="523" /><G24/><T9/><D9/><U43/><E43/><V30/><F30/><W7/><G128/><T135/><D135/><U47/><E47/><V131/><F131/><W97/><G97/><AGARI ba="5,1" hai="44,50,52,63,66,70,88,91,92,94,97,99,104,107" machi="97" ten="30,12000,2" yaku="7,1,9,1,52,2,54,2" doraHai="90" who="0" fromWho="3" sc="435,145,119,0,228,0,208,-135" /><INIT seed="2,0,0,4,1,130" ten="580,119,228,73" oya="2" hai0="10,74,40,28,60,8,71,6,126,115,99,19,72" hai1="68,12,42,0,110,25,104,83,34,4,26,29,22" hai2="135,44,100,91,133,47,95,78,38,114,127,55,21" hai3="18,82,93,80,94,132,15,58,53,62,57,20,87"/><V39/><F114/><W64/><G132/><N who="2" m="50761" /><F127/><W59/><G82/><T70/><D19/><N who="1" m="10599" /><E83/><V92/><F78/><W13/><G13/><T76/><D99/><U122/><E42/><V125/><F125/><W56/><REACH who="3" step="1"/><G64/><REACH who="3" ten="580,119,228,63" step="2"/><T119/><D28/><U33/><E110/><V51/><F21/><W85/><G85/><T3/><D70/><U17/><E68/><V11/><F11/><W97/><G97/><T109/><D40/><U112/><E112/><V88/><F100/><W61/><G61/><T102/><D10/><N who="1" m="2311" /><E104/><V37/><F44/><W101/><G101/><T120/><D8/><U128/><E122/><V67/><F67/><W113/><G113/><T131/><D126/><U43/><E43/><V66/><F66/><W116/><G116/><T69/><D74/><U81/><E81/><V129/><F129/><W35/><G35/><T7/><D131/><U45/><E45/><V9/><F9/><W48/><G48/><T121/><D3/><U31/><E128/><V36/><F36/><W32/><G32/><T107/><D120/><U108/><E108/><V90/><AGARI ba="0,1" hai="37,38,39,47,51,55,88,90,91,92,95" m="50761" machi="90" ten="40,12000,1" yaku="20,1,52,3,54,1" doraHai="130" who="2" fromWho="2" sc="580,-40,119,-40,228,130,63,-40" /><INIT seed="2,1,0,2,3,58" ten="540,79,358,23" oya="2" hai0="103,39,135,8,83,43,62,65,109,45,27,64,129" hai1="67,82,134,37,110,122,68,25,108,105,100,91,40" hai2="116,31,112,3,59,107,42,36,125,78,14,18,63" hai3="10,41,80,21,56,92,13,99,102,26,24,6,66"/><V120/><F116/><W132/><G132/><T47/><D103/><U104/><E134/><V51/><F120/><W48/><G80/><T97/><D135/><U98/><E122/><V79/><F3/><W50/><G41/><T85/><D97/><U54/><E105/><V73/><F36/><W74/><G74/><T15/><D109/><N who="1" m="42091" /><E54/><V22/><F73/><W34/><G34/><T124/><D124/><U77/><E91/><V33/><F125/><W7/><G7/><T75/><D75/><N who="1" m="43327" /><E25/><V19/><F107/><W0/><G0/><T29/><D47/><N who="1" m="23951" /><E67/><V30/><F33/><W32/><G32/><T89/><D62/><U133/><E133/><V119/><F112/><W52/><G66/><T5/><D129/><U81/><E81/><V87/><F119/><W9/><G9/><T60/><D60/><U2/><E2/><V16/><F87/><W93/><G93/><T28/><D28/><N who="2" m="10794" /><F79/><W86/><G86/><T131/><D131/><U71/><AGARI ba="1,0" hai="68,71,98,100,104" m="23951,43327,42091" machi="71" ten="30,2000,0" yaku="14,1,23,1" doraHai="58" who="1" fromWho="1" sc="540,-6,79,23,358,-11,23,-6" /><INIT seed="3,0,0,5,3,4" ten="534,102,347,17" oya="3" hai0="8,29,132,125,36,116,127,123,86,37,95,18,106" hai1="38,68,27,80,84,69,57,120,75,67,118,52,124" hai2="130,5,0,48,96,40,61,88,117,119,24,72,111" hai3="15,50,65,3,54,103,53,59,122,110,112,42,94"/><W92/><G122/><T98/><D116/><U6/><E120/><V133/><F111/><W34/><G112/><T28/><D123/><U115/><E115/><V2/><F72/><W22/><G3/><T60/><D106/><U89/><E38/><N who="0" m="14953" /><D86/><U108/><E108/><V63/><F130/><W17/><G110/><T134/><D60/><U58/><E118/><V13/><F133/><N who="0" m="51306" /><D8/><U10/><E124/><N who="0" m="47689" /><D18/><U121/><E121/><V100/><F24/><W113/><G113/><T66/><D66/><U74/><E27/><V16/><F5/><W11/><G34/><T25/><D25/><U45/><E67/><V51/><F88/><AGARI ba="0,0" hai="28,29,88,95,98" m="47689,51306,14953" machi="88" ten="40,5200,0" yaku="20,1,18,1,54,1" doraHai="4" who="0" fromWho="2" sc="534,52,102,0,347,-52,17,0" owari="586,68.6,102,-29.8,295,9.5,17,-48.3" /></mjloggm>