<mjloggm ver="2.3"><GO type="185" lobby="0"/><UN n0="%E3%82%B3%E3%83%BC%E3%82%BF%E3%81%AE%E5%85%84" n1="%E3%81%8F%E3%81%BE%E3%81%95%E3%82%93%52" n2="%E6%A8%BD%E3%81%AA%E3%81%AE%E5%A3%8A%E3%81%95%E3%81%AA%E3%81%84%E3%81%A7" n3="" dan="16,17,16,0" rate="2179.61,2219.35,2174.37,1500.00" sx="M,M,M,C"/><TAIKYOKU oya="0"/><INIT seed="0,0,0,3,0,59" ten="350,350,350,0" oya="0" hai0="79,41,75,93,73,119,100,85,113,111,54,47,94" hai1="32,37,124,62,102,48,90,60,80,56,106,115,88" hai2="99,53,134,44,103,97,76,38,92,61,121,42,129" hai3=""/><T110/><D54/><U87/><E32/><V132/><N who="2" m="31008" /><V50/><F129/><T125/><D119/><U127/><E115/><V1/><F1/><T98/><D113/><U63/><E37/><V105/><F76/><T135/><D125/><N who="1" m="48203" /><E48/><V78/><F78/><T128/><D135/><U86/><E102/><V45/><REACH who="2" step="1"/><F61/><REACH who="2" ten="350,350,340,0" step="2"/><T70/><D128/><U3/><E3/><V57/><F57/><T91/><D70/><U67/><E106/><V39/><F39/><T49/><REACH who="0" step="1"/><D79/><REACH who="0" ten="340,350,340,0" step="2"/><U96/><E96/><V34/><F34/><T89/><D89/><AGARI ba="0,2" hai="38,42,44,45,50,53,89,92,97,99,103,105,132,134" m="31008" machi="89" ten="40,2600,0" yaku="1,1,52,1,53,0" doraHai="59" doraHaiUra="65" who="2" fromWho="0" sc="340,-26,350,0,340,46,0,0" /><INIT seed="1,0,0,4,3,92" ten="314,350,386,0" oya="1" hai0="87,107,43,51,64,123,120,79,116,65,47,90,109" hai1="76,32,124,129,58,105,118,132,66,89,42,95,74" hai2="1,125,60,121,77,75,61,97,72,128,83,2,68" hai3=""/><U85/><E118/><V82/><N who="2" m="31008" /><V78/><F125/><T44/><N who="0" m="30752" /><T54/><N who="0" m="31520" /><T59/><D107/><U3/><E3/><V110/><F110/><T102/><D102/><U103/><E32/><V67/><F128/><T101/><D101/><U49/><E129/><V108/><F108/><T91/><D109/><U94/><E124/><V131/><F131/><T56/><D116/><U80/><E132/><V35/><F35/><T33/><D33/><U55/><E95/><V99/><F61/><T113/><D113/><U81/><E81/><V86/><F86/><T133/><D133/><U71/><E42/><V57/><REACH who="2" step="1"/><F68/><REACH who="2" ten="314,350,376,0" step="2"/><T135/><D135/><U63/><E105/><V88/><F88/><N who="0" m="33834" /><D87/><U127/><E127/><V62/><F62/><T119/><D119/><U52/><E103/><V130/><F130/><T112/><D112/><U50/><REACH who="1" step="1"/><E71/><REACH who="1" ten="314,340,376,0" step="2"/><V37/><F37/><T106/><D106/><U114/><E114/><V111/><F111/><T126/><D126/><U115/><E115/><V134/><F134/><T96/><D79/><U70/><E70/><V117/><F117/><T45/><D43/><U40/><E40/><V0/><AGARI ba="0,2" hai="0,1,2,57,60,67,72,75,77,78,82,83,97,99" m="31008" machi="0" ten="30,9000,2" yaku="1,1,0,1,9,1,52,3,53,1" doraHai="92" doraHaiUra="53" who="2" fromWho="2" sc="314,-30,340,-60,376,110,0,0" /><INIT seed="2,0,0,0,4,126" ten="284,280,486,0" oya="2" hai0="44,95,103,135,63,46,93,59,40,86,128,100,117" hai1="97,134,114,50,1,57,61,71,79,72,82,42,118" hai2="131,37,74,65,111,105,3,2,104,89,123,68,52" hai3=""/><V64/><N who="2" m="31520" /><V51/><F37/><T48/><D135/><U116/><E1/><V107/><F74/><T102/><D117/><N who="1" m="45163" /><E134/><V119/><F119/><T58/><D128/><U54/><E114/><V76/><F76/><T99/><D46/><U67/><E97/><V109/><F131/><T84/><D59/><U55/><E55/><V108/><F89/><T85/><REACH who="0" step="1"/><D99/><REACH who="0" ten="274,280,486,0" step="2"/><U60/><E42/><V120/><N who="2" m="30752" /><V124/><F124/><T39/><D39/><U129/><E129/><V122/><N who="2" m="31264" /><V80/><F80/><T53/><AGARI ba="0,1" hai="40,44,48,53,58,63,84,85,86,93,95,100,102,103" machi="53" ten="30,3000,0" yaku="1,1,0,1,8,1,53,0" doraHai="126" doraHaiUra="101" who="0" fromWho="0" sc="274,40,280,-10,486,-20,0,0" /><INIT seed="4,0,0,5,0,58" ten="314,270,466,0" oya="0" hai0="124,90,0,135,96,122,78,101,47,87,123,115,33" hai1="118,112,52,92,64,76,73,32,67,44,70,61,69" hai2="133,57,126,56,62,43,114,100,82,113,99,128,49" hai3=""/><T129/><N who="0" m="31264" /><T75/><N who="0" m="31520" /><T111/><D33/><U88/><E32/><V81/><F133/><T125/><D0/><U3/><E3/><V42/><F128/><T89/><D135/><U103/><E118/><V35/><F126/><N who="0" m="48746" /><D129/><U117/><E117/><V94/><F35/><T2/><D2/><U104/><E112/><N who="2" m="43115" /><F57/><T132/><D132/><U93/><E104/><V86/><F49/><T41/><D115/><U83/><E103/><V37/><F37/><T116/><D116/><U108/><E108/><V1/><F1/><T85/><D111/><U119/><E119/><V53/><F82/><T97/><D47/><U54/><E44/><V50/><F50/><T38/><D38/><U71/><E93/><V134/><F134/><T45/><D45/><U98/><REACH who="1" step="1"/><E67/><REACH who="1" ten="314,260,466,0" step="2"/><V131/><F131/><T40/><D101/><U48/><E48/><V109/><F109/><T34/><D34/><U107/><E107/><V110/><F110/><T65/><D65/><U79/><E79/><AGARI ba="0,1" hai="42,43,53,56,62,79,81,86,94,99,100" m="43115" machi="79" ten="30,2000,0" yaku="15,1,52,1" doraHai="58" who="2" fromWho="1" sc="314,0,260,-20,466,30,0,0" /><INIT seed="5,0,0,2,3,79" ten="314,240,496,0" oya="1" hai0="130,128,85,54,32,38,133,81,63,100,88,135,50" hai1="119,87,120,61,98,58,56,53,103,52,48,115,67" hai2="65,101,41,78,113,99,49,95,34,109,69,33,89" hai3=""/><U122/><N who="1" m="30752" /><U84/><N who="1" m="31264" /><U2/><E119/><V111/><F113/><T74/><D38/><U96/><E2/><V43/><F69/><T3/><D32/><U57/><E115/><V105/><F65/><T60/><D100/><U76/><E76/><V114/><F114/><T64/><D74/><U62/><E98/><V70/><F70/><T117/><D117/><U37/><E37/><V83/><F33/><T104/><D104/><AGARI ba="0,0" hai="48,52,53,56,57,58,61,62,67,84,87,96,103,104" m="31264,30752" machi="104" ten="30,11600,0" yaku="7,1,52,2,54,1" doraHai="79" who="1" fromWho="0" sc="314,-116,240,116,496,0,0,0" /><INIT seed="5,1,0,3,3,34" ten="198,356,496,0" oya="1" hai0="93,128,65,106,113,3,83,90,114,36,115,111,86" hai1="87,45,103,56,41,1,33,84,61,39,130,135,79" hai2="126,57,70,44,109,62,100,82,0,71,121,94,43" hai3=""/><U122/><N who="1" m="31264" /><U74/><E33/><V92/><N who="2" m="31008" /><V102/><F109/><T58/><D36/><U66/><E130/><V91/><F126/><T80/><D128/><U48/><E135/><V110/><F110/><T73/><D111/><U35/><E35/><V59/><F0/><T98/><D65/><U119/><E119/><V105/><F105/><T67/><D67/><U38/><E1/><V52/><F82/><T123/><N who="0" m="31520" /><T55/><D3/><U69/><E103/><V78/><F78/><T133/><D133/><U75/><E39/><V96/><F59/><T50/><D73/><N who="1" m="27659" /><E79/><V77/><F77/><T99/><D106/><U97/><E97/><AGARI ba="1,0" hai="50,55,58,80,83,86,90,93,97,98,99,113,114,115" m="31520" machi="97" ten="40,2600,0" yaku="15,1,52,1" doraHai="34" who="0" fromWho="1" sc="198,28,356,-28,496,0,0,0" /><INIT seed="6,0,0,1,5,108" ten="226,328,496,0" oya="2" hai0="37,48,74,70,41,50,103,52,104,110,109,81,98" hai1="2,53,72,88,126,44,77,69,130,95,45,55,36" hai2="3,128,64,78,97,0,47,73,102,82,71,84,121" hai3=""/><V33/><N who="2" m="31008" /><V61/><F128/><T54/><D70/><U34/><E34/><V117/><F117/><T124/><D124/><U125/><E2/><V114/><F114/><T120/><N who="0" m="30752" /><T42/><D37/><U76/><E130/><V118/><F118/><T134/><D134/><U62/><E72/><V89/><F33/><T87/><D74/><U107/><E107/><V106/><F47/><T112/><D110/><U79/><E69/><V1/><F1/><T93/><D109/><U58/><E55/><V91/><F91/><T59/><D104/><U99/><E36/><V66/><F66/><T132/><D132/><U96/><E96/><V56/><F71/><T115/><D112/><U127/><AGARI ba="0,0" hai="44,45,53,58,62,76,77,79,88,95,99,125,126,127" machi="127" ten="40,3900,0" yaku="0,1,18,1,54,1" doraHai="108" who="1" fromWho="1" sc="226,-13,328,39,496,-26,0,0" owari="213,-38.7,367,-3.3,470,42.0,0,0.0" /></mjloggm>