<mjloggm ver="2.3"><GO type="225" lobby="0"/><UN n0="%E3%82%8C%E3%81%99%E3%81%93" n1="%6E%65%6F%E3%82%BD%E3%83%83%E3%82%AF%E3%82%B9%E2%99%AA" n2="%E3%81%A9%E3%82%8F%E3%82%93%E3%81%94" n3="%E8%A8%88%E7%AE%97%E6%A9%9F%E8%87%AA%E7%84%B6" dan="16,16,16,17" rate="2140.35,2152.76,2148.81,2162.66" sx="F,M,M,M"/><TAIKYOKU oya="0"/><INIT seed="0,0,0,1,5,112" ten="250,250,250,250" oya="0" hai0="12,106,44,28,107,27,17,84,21,55,43,10,90" hai1="16,71,64,121,96,118,79,97,18,0,57,123,61" hai2="117,81,39,50,100,102,49,59,124,98,38,22,37" hai3="1,82,83,6,11,120,135,74,88,130,32,126,86"/><T67/><D67/><U108/><E108/><V115/><F115/><W53/><G32/><T45/><D45/><U103/><E0/><V60/><F124/><W68/><G68/><T87/><D84/><U26/><E118/><V8/><F117/><W122/><G126/><T134/><D134/><U54/><E79/><V9/><F81/><W19/><G135/><T99/><D99/><U72/><E97/><V92/><F102/><W36/><G36/><T56/><D43/><U20/><E18/><V94/><F94/><W51/><G130/><T65/><D65/><U114/><E72/><V113/><F113/><W3/><G3/><T15/><D15/><U13/><E13/><V119/><F119/><W14/><G83/><N who="0" m="49535" /><D56/><U78/><E78/><V73/><F73/><W105/><G105/><T75/><D75/><U58/><E114/><V85/><F85/><W129/><G129/><T31/><D31/><U25/><E25/><V91/><F91/><W76/><G74/><T104/><D104/><U5/><E5/><V131/><F131/><W52/><G76/><T29/><D29/><U70/><E71/><V66/><F22/><W40/><G40/><T23/><D21/><U116/><E70/><V46/><F46/><N who="3" m="27767" /><G53/><T101/><D101/><U69/><E69/><V41/><F41/><W30/><G30/><T109/><D109/><U127/><E127/><V77/><F77/><W132/><G132/><T93/><D93/><N who="1" m="58767" /><E116/><V80/><F80/><W24/><G24/><T33/><D33/><U2/><E2/><V7/><F7/><W133/><G133/><T35/><D35/><RYUUKYOKU ba="0,0" sc="250,0,250,0,250,0,250,0" hai0="10,12,17,23,27,28,44,55,106,107" hai1="16,20,26,54,57,58,61,64,121,123" hai2="8,9,37,38,39,49,50,59,60,66,92,98,100" hai3="1,6,11,14,19,82,86,88,120,122" /><INIT seed="0,1,0,4,2,88" ten="250,250,250,250" oya="0" hai0="129,27,71,102,125,81,1,128,126,100,114,68,37" hai1="98,75,41,14,19,70,115,11,29,117,124,91,7" hai2="10,39,57,84,20,3,36,53,67,54,99,30,106" hai3="119,95,15,87,52,35,77,9,6,73,135,17,25"/><T112/><D1/><U133/><E117/><V107/><F67/><W32/><G119/><T94/><D37/><U62/><E133/><V69/><F69/><N who="0" m="26698" /><D27/><U26/><E75/><V61/><F39/><W38/><G38/><T127/><D81/><U110/><E115/><N who="0" m="44073" /><D94/><U82/><E41/><V103/><F36/><W131/><G131/><AGARI ba="1,0" hai="100,102,125,126,127,128,129,131" m="44073,26698" machi="131" ten="40,12000,1" yaku="28,2,18,1,19,1" doraHai="88" who="0" fromWho="3" sc="250,123,250,0,250,0,250,-123" /><INIT seed="0,2,0,5,3,44" ten="373,250,250,127" oya="0" hai0="47,75,117,43,69,85,54,128,130,0,106,41,116" hai1="21,82,68,58,83,17,37,16,23,6,45,124,35" hai2="56,87,20,13,51,55,32,48,74,101,34,50,61" hai3="52,27,135,38,77,122,109,2,99,134,92,18,125"/><T7/><D75/><U84/><E35/><V119/><F74/><W8/><G38/><T10/><D106/><U22/><E68/><V86/><F119/><N who="0" m="45642" /><D69/><U98/><E124/><V26/><F13/><W19/><G125/><T1/><D85/><U66/><E6/><V71/><F71/><W53/><G109/><T46/><D54/><U105/><E83/><V91/><F101/><W12/><G2/><T29/><D29/><U72/><E72/><V90/><F87/><W110/><G110/><T111/><D111/><U88/><E98/><V112/><F91/><W115/><G115/><T89/><D89/><U40/><REACH who="1" step="1"/><E105/><REACH who="1" ten="373,240,250,127" step="2"/><V67/><F112/><W65/><G122/><T123/><D123/><U57/><E57/><N who="2" m="33023" /><F34/><W94/><G77/><T76/><D76/><U42/><E42/><N who="0" m="15881" /><D1/><U114/><E114/><V132/><F32/><W64/><G99/><T73/><D73/><U62/><AGARI ba="2,1" hai="16,17,21,22,23,37,40,45,58,62,66,82,84,88" machi="62" ten="30,7900,0" yaku="1,1,0,1,54,2,53,0" doraHai="44" doraHaiUra="33" who="1" fromWho="1" sc="373,-41,240,95,250,-22,127,-22" /><INIT seed="1,0,0,5,5,92" ten="332,335,228,105" oya="1" hai0="95,35,13,127,114,104,5,12,30,46,66,97,49" hai1="64,24,99,59,135,18,28,130,86,41,85,29,134" hai2="125,8,131,88,52,67,21,60,54,0,105,121,45" hai3="3,90,128,81,1,132,53,42,51,4,56,123,39"/><U55/><E130/><V75/><F121/><W126/><G123/><T77/><D114/><U115/><E115/><V50/><F75/><W57/><G128/><T69/><D127/><U11/><E64/><V110/><F131/><W107/><G126/><T94/><D77/><U100/><E41/><V133/><F125/><W32/><G32/><T7/><D95/><U87/><E11/><V74/><F74/><W119/><G132/><N who="1" m="50730" /><E18/><V80/><F105/><W106/><G119/><T16/><D13/><U122/><E122/><V26/><F133/><W58/><G39/><T62/><D104/><N who="1" m="63519" /><E24/><V118/><F118/><W68/><G42/><T78/><D78/><U70/><E70/><V65/><F110/><W6/><G68/><T36/><D36/><U83/><E83/><V111/><F8/><W9/><G4/><T20/><D30/><U48/><AGARI ba="0,0" hai="28,29,48,55,59,85,86,87" m="63519,50730" machi="48" ten="30,3000,0" yaku="20,1,52,1" doraHai="92" who="1" fromWho="1" sc="332,-10,335,30,228,-10,105,-10" /><INIT seed="1,1,0,1,5,57" ten="322,365,218,95" oya="1" hai0="134,30,51,130,114,97,126,102,66,92,128,49,96" hai1="55,11,44,47,77,24,65,121,28,85,8,39,58" hai2="3,22,2,101,9,107,104,1,68,70,45,12,41" hai3="90,71,29,73,35,123,119,88,18,36,26,74,93"/><U111/><E121/><V27/><F22/><W100/><G123/><T37/><D114/><U61/><E111/><V59/><F27/><W5/><G36/><T135/><D37/><U15/><E39/><V122/><F59/><W105/><G119/><T67/><D30/><U0/><E0/><V13/><F122/><W63/><G5/><T79/><D79/><U7/><E11/><V72/><F72/><N who="3" m="27755" /><G93/><T38/><D38/><U103/><E103/><V110/><F110/><W56/><G56/><T43/><D43/><U53/><E85/><V87/><F87/><W124/><G18/><T42/><D42/><U84/><E84/><V76/><F76/><W20/><G20/><T113/><D113/><U33/><REACH who="1" step="1"/><E77/><REACH who="1" ten="322,355,218,95" step="2"/><V40/><F3/><W118/><G118/><T46/><D102/><U14/><E14/><V81/><F101/><W117/><G117/><T16/><D97/><U62/><E62/><V94/><F9/><W75/><N who="3" m="27763" /><W23/><DORA hai="99" /><G124/><T106/><D126/><U91/><E91/><V50/><F1/><W82/><G82/><T78/><D78/><U31/><E31/><V25/><F81/><W54/><G90/><T21/><D51/><U4/><E4/><V127/><F2/><W60/><G88/><T120/><D49/><U108/><E108/><V48/><F127/><W17/><G100/><T109/><D120/><U116/><E116/><V125/><F125/><W52/><G63/><T32/><D109/><U34/><E34/><V112/><F112/><W83/><G29/><T64/><D32/><U80/><E80/><V89/><F89/><RYUUKYOKU ba="1,1" sc="322,-10,355,30,218,-10,95,-10" hai1="7,8,15,24,28,33,44,47,53,55,58,61,65" /><INIT seed="1,2,1,5,0,76" ten="312,385,208,85" oya="1" hai0="107,32,23,18,38,128,25,110,97,71,86,4,130" hai1="99,27,39,75,17,74,133,61,48,91,83,119,56" hai2="3,43,10,135,0,106,47,96,8,16,29,123,78" hai3="40,19,103,36,94,85,21,101,132,121,108,125,82"/><U114/><E119/><V70/><F123/><W73/><G121/><T93/><D38/><U31/><E114/><V111/><F70/><W49/><G108/><T112/><D112/><U9/><E133/><V122/><F111/><W92/><G125/><T24/><D110/><U13/><E39/><V84/><F122/><W59/><G36/><T62/><D4/><U54/><E99/><V117/><F117/><W115/><G73/><T87/><D107/><U129/><E129/><N who="0" m="49769" /><D62/><U105/><E105/><V80/><F29/><W81/><G132/><T5/><D5/><U98/><E61/><V113/><F135/><W68/><G68/><T1/><D1/><U12/><E13/><V88/><F113/><W55/><G40/><T52/><D71/><U60/><E60/><V90/><F106/><W37/><G37/><T79/><D79/><U50/><E50/><N who="2" m="27007" /><F0/><W2/><G2/><T127/><D127/><U20/><REACH who="1" step="1"/><E98/><REACH who="1" ten="312,375,208,85" step="2"/><V118/><F3/><W72/><G115/><T28/><D52/><U34/><E34/><V35/><F35/><W33/><G33/><T22/><D32/><U15/><E15/><N who="2" m="7271" /><F118/><W44/><G49/><T126/><D126/><U100/><E100/><AGARI ba="2,2" hai="18,22,23,24,25,28,86,87,93,97,100" m="49769" machi="100" ten="30,1000,0" yaku="19,1" doraHai="76" who="0" fromWho="1" sc="312,36,375,-16,208,0,85,0" /><INIT seed="2,0,0,4,1,51" ten="348,359,208,85" oya="2" hai0="57,62,110,135,14,38,123,115,61,64,60,37,79" hai1="80,12,34,15,105,133,90,111,95,21,30,96,27" hai2="107,67,28,49,73,9,56,126,10,72,5,24,124" hai3="129,93,45,0,119,77,1,117,101,104,132,7,75"/><V97/><F107/><W66/><G129/><T108/><D79/><U44/><E111/><N who="0" m="42537" /><D14/><U22/><E133/><V118/><F97/><W33/><G132/><T29/><D29/><U39/><E105/><V128/><F128/><W58/><G104/><T91/><D135/><U40/><E80/><V8/><F118/><W113/><G33/><T13/><D13/><U76/><E76/><V116/><F5/><W120/><G120/><T26/><D26/><U71/><E71/><V23/><F116/><W99/><G113/><T86/><D115/><U74/><E74/><V2/><F2/><W83/><G0/><T53/><D123/><U35/><E15/><V20/><F20/><W65/><G65/><T18/><D18/><U69/><E69/><V130/><F130/><W85/><G85/><T32/><D32/><U121/><E121/><V100/><F100/><W17/><G17/><T3/><D3/><U81/><E81/><V4/><F4/><W25/><G25/><T102/><D102/><U52/><E52/><N who="2" m="31759" /><F67/><W109/><G109/><T88/><D91/><U46/><E46/><V31/><F28/><W92/><G45/><T125/><D64/><U70/><E70/><V59/><F59/><W55/><G66/><T11/><D11/><U103/><E103/><V47/><F47/><W134/><G134/><T63/><D125/><AGARI ba="0,0" hai="8,9,10,23,24,31,72,73,124,125,126" m="31759" machi="125" ten="30,5800,0" yaku="18,1,52,1,54,1" doraHai="51" who="2" fromWho="0" sc="348,-58,359,0,208,58,85,0" /><INIT seed="2,1,0,5,4,105" ten="290,359,266,85" oya="2" hai0="44,132,17,69,25,129,102,85,51,100,41,33,27" hai1="15,130,34,26,128,98,97,103,91,11,47,4,108" hai2="96,117,126,8,56,67,116,50,42,20,113,28,114" hai3="124,6,80,71,88,64,74,54,72,55,82,61,1"/><V123/><F96/><W107/><G107/><T37/><D69/><U68/><E108/><V16/><F42/><W79/><G124/><T32/><D132/><U38/><E68/><V109/><F50/><W18/><G1/><T36/><D129/><N who="1" m="49771" /><E91/><V95/><F95/><W110/><G6/><T45/><D85/><U94/><E94/><V10/><F56/><W53/><G110/><T3/><D3/><U84/><E84/><V30/><F67/><W81/><G18/><T23/><D51/><U40/><E103/><V63/><F63/><W57/><G71/><T73/><D17/><U135/><E135/><V112/><F123/><W49/><G49/><T119/><D41/><U89/><E89/><V14/><F126/><W125/><G125/><T78/><D23/><U39/><E39/><V93/><F93/><W9/><G9/><N who="2" m="3689" /><F109/><W2/><G2/><T75/><REACH who="0" step="1"/><D78/><REACH who="0" ten="280,359,266,85" step="2"/><U60/><E60/><V52/><F52/><W70/><G70/><T59/><D59/><U101/><E101/><V31/><AGARI ba="1,1" hai="14,16,20,28,30,31,112,113,114,116,117" m="3689" machi="31" ten="40,7800,0" yaku="34,2,54,1" doraHai="105" who="2" fromWho="2" sc="280,-27,359,-27,266,91,85,-27" /><INIT seed="2,2,0,4,3,12" ten="253,332,357,58" oya="2" hai0="103,46,108,53,133,2,61,76,107,116,0,14,96" hai1="22,27,65,67,126,89,81,111,48,50,87,82,43" hai2="125,124,41,74,86,130,88,19,5,100,49,105,62" hai3="3,26,44,16,13,11,106,121,75,38,59,129,66"/><V94/><F5/><W132/><G121/><T40/><D108/><U113/><E111/><V123/><F123/><W117/><G117/><T36/><D116/><U17/><E113/><V56/><F130/><W79/><G106/><T60/><D133/><U110/><E110/><V45/><F74/><W39/><G132/><T73/><D73/><U30/><E126/><V18/><F100/><W77/><G129/><T64/><D76/><U102/><E102/><V93/><F93/><W97/><G3/><T8/><D53/><U127/><E127/><N who="2" m="48715" /><F105/><W85/><G75/><T24/><D24/><U51/><E43/><V109/><F109/><W10/><G10/><T7/><REACH who="0" step="1"/><D61/><REACH who="0" ten="243,332,357,58" step="2"/><U120/><E120/><V122/><F122/><W71/><G26/><T69/><AGARI ba="2,1" hai="0,2,7,8,14,36,40,46,60,64,69,96,103,107" machi="69" ten="20,12000,2" yaku="1,1,2,1,0,1,7,1,53,2" doraHai="12" doraHaiUra="35" who="0" fromWho="0" sc="243,136,332,-32,357,-62,58,-32" /><INIT seed="3,0,0,5,0,126" ten="379,300,295,26" oya="3" hai0="33,88,123,38,50,44,30,129,103,13,32,104,97" hai1="108,100,59,90,42,107,6,109,87,120,121,29,106" hai2="8,135,134,76,18,99,127,28,9,68,83,24,49" hai3="5,110,36,22,40,119,105,63,131,39,3,46,69"/><W86/><G22/><T11/><D123/><N who="1" m="47179" /><E42/><V132/><F68/><W130/><G119/><T52/><D129/><N who="3" m="49161" /><G105/><T75/><D75/><U41/><E41/><V27/><F127/><W113/><G113/><T116/><D116/><U115/><E115/><V91/><F49/><N who="3" m="26823" /><G86/><T124/><D124/><U77/><E29/><V47/><F47/><W101/><G101/><T10/><D30/><U45/><E100/><V70/><F70/><W89/><G89/><T85/><D38/><N who="3" m="14377" /><G5/><T95/><D11/><U118/><E118/><V96/><F91/><W55/><G3/><T15/><D15/><U1/><E90/><V58/><F99/><W71/><G110/><T84/><D84/><U73/><E87/><N who="2" m="48615" /><F96/><W2/><G2/><T56/><D44/><U65/><E45/><V54/><F18/><AGARI ba="0,0" hai="10,13,18,32,33,50,52,56,85,88,95,97,103,104" machi="18" ten="30,3900,0" yaku="7,1,54,2" doraHai="126" who="0" fromWho="2" sc="379,39,300,0,295,-39,26,0" owari="418,51.8,300,10.0,256,-14.4,26,-47.4" /></mjloggm>