<mjloggm ver="2.3"><GO type="185" lobby="0"/><UN n0="%E9%BA%BB%E9%9B%80%E6%95%99%E5%AE%A4" n1="%E3%83%94%E3%83%B3%E3%82%B5%E3%83%AD%E5%BA%97%E5%93%A1" n2="%E3%83%9E%E3%82%A4%E3%82%B1%E3%83%AB%E3%82%B9%E3%82%BF%E3%82%A6%E3%83%88" n3="" dan="17,16,17,0" rate="2192.21,2198.92,2312.92,1500.00" sx="M,M,M,C"/><TAIKYOKU oya="0"/><INIT seed="0,0,0,0,1,123" ten="350,350,350,0" oya="0" hai0="35,133,1,125,113,97,109,48,76,32,42,93,38" hai1="107,33,124,104,73,99,135,77,118,41,58,82,64" hai2="40,108,69,114,56,103,96,39,112,130,54,71,65" hai3=""/><T78/><D1/><U92/><E118/><V88/><F130/><T134/><D113/><U3/><E3/><V127/><F127/><T87/><D38/><U57/><E33/><V61/><F71/><T59/><D125/><U70/><E124/><V84/><F40/><T79/><D87/><U2/><E2/><V75/><F39/><T120/><N who="0" m="30752" /><T72/><D72/><U102/><E41/><V60/><F75/><T131/><D131/><U49/><E135/><N who="0" m="51721" /><D59/><U105/><E49/><V62/><F62/><T106/><D106/><U85/><E73/><V53/><F114/><T122/><N who="0" m="31264" /><T81/><D81/><U121/><N who="1" m="31008" /><U129/><REACH who="1" step="1"/><E129/><REACH who="1" ten="350,340,350,0" step="2"/><V68/><F112/><T117/><D117/><U80/><E80/><V116/><F116/><T44/><D109/><U74/><E74/><V67/><F108/><T55/><D42/><U51/><E51/><V52/><F69/><T37/><D37/><U100/><E100/><AGARI ba="0,1" hai="32,35,44,48,55,76,78,79,93,97,100" m="31264,51721,30752" machi="100" ten="30,5800,0" yaku="20,1,52,2" doraHai="123" who="0" fromWho="1" sc="350,68,340,-58,350,0,0,0" /><INIT seed="0,1,0,4,1,42" ten="418,282,350,0" oya="0" hai0="107,49,45,126,88,105,69,76,64,103,102,60,93" hai1="135,101,38,134,66,99,97,86,0,95,98,110,129" hai2="59,87,82,89,67,68,112,113,63,116,39,128,119" hai3=""/><T72/><D126/><U133/><E0/><V130/><F39/><T132/><D132/><U124/><E124/><V81/><F82/><T121/><N who="0" m="31008" /><T35/><D35/><U70/><E110/><V111/><F68/><T34/><D34/><U58/><E129/><N who="2" m="49771" /><F111/><T80/><D107/><U65/><E38/><V125/><F125/><T32/><D105/><U79/><E70/><V83/><F83/><T114/><D114/><AGARI ba="1,0" hai="59,63,67,81,87,89,112,113,114,116,119" m="49771" machi="114" ten="30,1000,0" yaku="19,1" doraHai="42" who="2" fromWho="0" sc="418,-12,282,0,350,12,0,0" /><INIT seed="1,0,0,2,4,41" ten="406,282,362,0" oya="1" hai0="49,120,68,73,132,103,91,39,38,107,51,89,129" hai1="110,32,82,113,81,94,1,76,128,115,72,99,71" hai2="43,67,60,50,90,104,130,66,80,63,53,48,125" hai3=""/><U84/><E32/><V83/><F104/><T62/><N who="0" m="30752" /><T114/><D114/><U121/><N who="1" m="31008" /><U77/><E1/><V117/><F117/><T118/><D73/><U40/><E71/><V33/><F33/><T135/><D103/><U54/><E128/><V122/><N who="2" m="31264" /><V105/><F105/><T75/><D107/><U3/><E3/><V127/><F43/><T44/><D75/><U0/><E0/><V65/><F90/><T35/><D35/><U93/><E110/><V42/><F42/><T123/><N who="0" m="31520" /><T52/><D118/><U124/><E124/><N who="2" m="47691" /><F48/><T116/><D116/><U57/><E40/><V88/><F130/><T85/><D49/><U92/><REACH who="1" step="1"/><E99/><REACH who="1" ten="406,272,362,0" step="2"/><V78/><F78/><T2/><D129/><U70/><E70/><V106/><F106/><T37/><D2/><U102/><E102/><V96/><F96/><T34/><D34/><U87/><E87/><V79/><F79/><T109/><D109/><U95/><N who="1" m="23552" /><DORA hai="112" /><U119/><E119/><V131/><F131/><T98/><D98/><U64/><E64/><V36/><F66/><T69/><D69/><U74/><E74/><V108/><F67/><T101/><D101/><U126/><E126/><V134/><F65/><T100/><D68/><RYUUKYOKU ba="0,1" sc="406,-10,272,20,362,-10,0,0" hai1="54,57,72,76,77,81,82,84,113,115" /><INIT seed="1,1,1,2,2,84" ten="396,292,352,0" oya="1" hai0="40,66,35,70,88,64,44,131,110,57,106,60,125" hai1="75,41,39,134,52,135,79,38,129,89,86,67,115" hai2="111,132,71,100,105,48,87,45,50,63,108,107,82" hai3=""/><U77/><E115/><V69/><F50/><T47/><D35/><U46/><E129/><V90/><F132/><N who="1" m="50729" /><E75/><V112/><F112/><T126/><D106/><U103/><E39/><V53/><F69/><T2/><D2/><U99/><E67/><V80/><F80/><T49/><D131/><U94/><E52/><V51/><F51/><T33/><D33/><U101/><E101/><V93/><F63/><T128/><D128/><U54/><E54/><V130/><F71/><T73/><D73/><U32/><E32/><V91/><F100/><T97/><D44/><U123/><N who="1" m="31520" /><U96/><E96/><V3/><F3/><T113/><D113/><U114/><E114/><V1/><F1/><T117/><D117/><U116/><E116/><V120/><N who="2" m="30752" /><V34/><F34/><T43/><D43/><U104/><AGARI ba="1,1" hai="38,41,46,77,79,86,89,94,99,103,104" m="31520,50729" machi="104" ten="30,4000,0" yaku="20,1,52,2" doraHai="84" who="1" fromWho="1" sc="396,-21,292,52,352,-21,0,0" /><INIT seed="1,2,0,1,3,116" ten="375,344,331,0" oya="1" hai0="73,67,51,58,104,69,37,54,68,93,106,72,120" hai1="134,101,36,103,79,80,81,53,56,82,62,133,32" hai2="100,112,110,75,65,34,83,135,91,115,107,122,108" hai3=""/><U76/><E36/><V1/><N who="2" m="31264" /><V88/><F1/><T111/><N who="0" m="30752" /><T47/><D111/><N who="2" m="42538" /><F34/><T129/><D129/><U64/><E32/><V43/><F43/><T96/><D72/><U3/><E3/><V44/><F44/><T42/><D73/><U66/><E133/><V126/><F65/><N who="1" m="25193" /><E134/><V63/><F63/><T109/><D109/><U105/><E105/><V60/><F60/><T125/><D125/><U59/><E59/><V97/><F126/><T70/><REACH who="0" step="1"/><D67/><REACH who="0" ten="365,344,331,0" step="2"/><U123/><N who="1" m="31520" /><U2/><E2/><V39/><F135/><T85/><D85/><U119/><E119/><V98/><F98/><T74/><D74/><U46/><E46/><V61/><F75/><T113/><D113/><U84/><E84/><V38/><F97/><T89/><AGARI ba="2,1" hai="37,42,47,51,54,58,68,69,70,89,93,96,104,106" m="30752" machi="89" ten="30,5900,0" yaku="1,1,0,1,52,2,53,0" doraHai="116" doraHaiUra="77" who="0" fromWho="0" sc="365,73,344,-41,331,-22,0,0" /><INIT seed="2,0,0,2,3,92" ten="438,303,309,0" oya="2" hai0="77,38,56,132,114,116,50,32,98,88,95,106,52" hai1="63,33,118,127,81,49,60,120,35,58,113,130,75" hai2="122,111,102,87,99,100,104,36,68,64,117,107,125" hai3=""/><V48/><N who="2" m="31264" /><V126/><F36/><T37/><D32/><U79/><N who="1" m="30752" /><U84/><E113/><V115/><F117/><T97/><D116/><U70/><E118/><V105/><F115/><T73/><D114/><U82/><E130/><V2/><F2/><T123/><N who="0" m="31520" /><T40/><D132/><U101/><E127/><N who="2" m="48651" /><F111/><T128/><D128/><U112/><E112/><V90/><F64/><T61/><D77/><U57/><E70/><V78/><F68/><T1/><D73/><U44/><E101/><N who="2" m="39019" /><F48/><T66/><D1/><U51/><E51/><V91/><F99/><T124/><D124/><U47/><E63/><V121/><N who="2" m="31008" /><V72/><F72/><T45/><D106/><U67/><E58/><V69/><F69/><T41/><REACH who="0" step="1"/><D98/><REACH who="0" ten="428,303,309,0" step="2"/><U46/><REACH who="1" step="1"/><E49/><REACH who="1" ten="428,293,309,0" step="2"/><V135/><F135/><T103/><D103/><U62/><E62/><V133/><F133/><T134/><D134/><U39/><E39/><AGARI ba="0,2" hai="37,38,39,40,41,45,50,52,56,61,66,88,95,97" m="31520" machi="39" ten="40,12000,2" yaku="1,1,52,2,54,2,53,1" doraHai="92" doraHaiUra="55" who="0" fromWho="1" sc="428,140,293,-120,309,0,0,0" /><INIT seed="4,0,0,1,3,46" ten="568,173,309,0" oya="0" hai0="49,59,90,121,58,112,103,132,55,86,64,114,117" hai1="83,52,96,126,73,60,63,101,78,47,108,84,42" hai2="131,56,36,33,53,80,65,45,44,97,122,0,81" hai3=""/><T2/><N who="0" m="31008" /><T3/><D117/><U68/><E108/><V111/><N who="2" m="31264" /><V115/><F0/><T104/><D132/><U127/><E73/><V51/><F111/><T128/><D128/><U124/><E68/><V125/><F33/><T38/><D38/><U50/><REACH who="1" step="1"/><E42/><REACH who="1" ten="568,163,309,0" step="2"/><V54/><F131/><T106/><D2/><U69/><E69/><V113/><F125/><T109/><D3/><U102/><E102/><V72/><F72/><T34/><D109/><U116/><E116/><V82/><F115/><T118/><D118/><U67/><E67/><V39/><F113/><N who="0" m="43626" /><D34/><U94/><AGARI ba="0,1" hai="47,50,52,60,63,78,83,84,94,96,101,124,126,127" machi="94" ten="30,6000,1" yaku="1,1,0,1,18,1,52,1,54,1,53,0" doraHai="46" doraHaiUra="61" who="1" fromWho="1" sc="568,-40,163,70,309,-20,0,0" /><INIT seed="5,0,0,0,5,33" ten="528,233,289,0" oya="1" hai0="95,90,57,54,93,129,35,119,85,100,86,122,84" hai1="132,112,126,34,131,60,91,45,114,121,124,50,44" hai2="123,66,41,92,36,58,72,120,105,135,43,46,102" hai3=""/><U77/><N who="1" m="31008" /><U109/><E34/><V1/><N who="2" m="30752" /><V71/><N who="2" m="31520" /><V3/><F72/><T40/><N who="0" m="31264" /><T79/><D35/><U53/><E131/><V128/><F105/><T88/><D129/><U39/><E77/><V118/><F118/><T82/><D119/><U127/><E132/><V51/><F128/><T115/><D40/><U80/><E109/><V67/><F43/><T94/><D115/><N who="1" m="44075" /><E60/><V87/><F135/><T104/><D104/><U2/><E2/><V134/><F134/><T81/><D100/><U101/><E101/><V106/><F106/><T62/><AGARI ba="0,0" hai="54,57,62,79,81,82,84,85,86,88,90,93,94,95" m="31264" machi="62" ten="20,6000,1" yaku="0,1,7,1,8,1,52,1,54,1" doraHai="33" who="0" fromWho="0" sc="528,60,233,-40,289,-20,0,0" /><INIT seed="6,0,0,5,1,107" ten="588,193,269,0" oya="2" hai0="126,54,119,44,130,78,48,38,86,135,64,52,93" hai1="0,116,45,111,69,91,134,2,68,77,124,42,32" hai2="103,109,110,72,47,132,41,39,53,62,70,61,67" hai3=""/><V121/><N who="2" m="31008" /><V129/><F103/><T83/><D119/><U98/><E111/><N who="2" m="42507" /><F72/><T122/><N who="0" m="31264" /><T90/><D126/><U58/><E32/><V113/><F113/><T89/><D38/><U76/><E124/><V37/><F129/><T35/><D35/><U105/><E116/><V131/><F131/><T57/><D130/><U115/><E115/><V85/><F85/><T95/><D64/><U50/><E134/><V112/><F112/><T71/><D71/><U75/><E77/><V127/><F127/><T92/><REACH who="0" step="1"/><D135/><REACH who="0" ten="578,193,269,0" step="2"/><U55/><E69/><V114/><F114/><T88/><D88/><U36/><E68/><V59/><F132/><T102/><D102/><U94/><REACH who="1" step="1"/><E105/><REACH who="1" ten="578,183,269,0" step="2"/><V49/><AGARI ba="0,2" hai="37,39,41,47,49,53,59,61,62,67,70" m="42507,31008" machi="49" ten="30,7800,0" yaku="10,1,34,2,52,1" doraHai="107" who="2" fromWho="2" sc="578,-39,183,-39,269,98,0,0" /><INIT seed="6,1,0,0,3,88" ten="539,144,367,0" oya="2" hai0="42,75,39,60,77,93,50,119,87,43,53,126,56" hai1="107,80,95,78,86,116,52,89,66,81,82,55,101" hai2="111,129,108,73,115,96,37,47,130,110,113,57,102" hai3=""/><V41/><F73/><T125/><D119/><U133/><E66/><V128/><REACH who="2" step="1"/><F57/><REACH who="2" ten="539,144,357,0" step="2"/><T45/><D75/><U44/><E116/><V68/><F68/><T0/><D0/><U121/><N who="1" m="31008" /><U76/><E133/><V92/><AGARI ba="1,1" hai="37,41,47,92,96,102,108,110,111,113,115,128,129,130" machi="92" ten="40,16000,3" yaku="1,1,0,1,10,1,19,1,52,1,53,3" doraHai="88" doraHaiUra="123" who="2" fromWho="2" sc="539,-81,144,-81,357,172,0,0" owari="458,5.8,63,-53.7,529,47.9,0,0.0" /></mjloggm>