<mjloggm ver="2.3"><GO type="185" lobby="0"/><UN n0="%E3%82%A2%E3%82%A4%E3%82%B9" n1="%E8%92%BC%E6%9C%88%E2%98%85%2E%63%6F%6D" n2="%E2%98%86%41%64%72%69%61%6E" n3="" dan="16,16,17,0" rate="2133.51,2225.08,2158.20,1500.00" sx="M,M,M,C"/><TAIKYOKU oya="0"/><INIT seed="0,0,0,5,2,44" ten="350,350,350,0" oya="0" hai0="66,65,107,98,106,54,112,52,37,71,87,91,45" hai1="81,53,132,116,109,100,130,82,129,88,78,131,108" hai2="86,2,41,74,0,122,125,114,113,73,75,105,46" hai3=""/><T96/><D112/><N who="2" m="43114" /><F86/><T58/><D71/><U134/><E116/><V135/><N who="2" m="31264" /><V83/><F125/><T33/><D33/><U51/><E100/><V63/><F63/><T120/><N who="0" m="30752" /><T93/><D106/><U123/><N who="1" m="31520" /><U48/><E88/><V77/><F105/><T84/><D107/><U111/><E53/><V47/><F47/><T49/><D37/><U89/><E89/><V119/><F119/><T42/><D42/><U62/><E62/><V79/><F135/><N who="1" m="51753" /><E82/><V128/><F128/><T55/><D55/><U118/><E118/><V126/><F126/><T124/><D124/><U67/><E67/><N who="0" m="25609" /><D98/><U40/><E40/><V64/><F64/><T61/><AGARI ba="0,0" hai="45,49,52,54,58,61,84,87,91,93,96" m="25609,30752" machi="61" ten="30,7800,0" yaku="8,1,52,2,54,1" doraHai="44" who="0" fromWho="0" sc="350,78,350,-39,350,-39,0,0" /><INIT seed="0,1,0,2,4,37" ten="428,311,311,0" oya="0" hai0="122,72,95,128,127,125,36,66,115,129,130,64,45" hai1="2,94,88,3,117,92,71,44,68,133,78,41,103" hai2="82,0,131,70,49,65,106,46,56,59,114,76,80" hai3=""/><T61/><N who="0" m="31264" /><T69/><D72/><U99/><E117/><V105/><F114/><T118/><D64/><U83/><E133/><V33/><F33/><T110/><D118/><U116/><E116/><V93/><F0/><T85/><D115/><U102/><E3/><V39/><F93/><T109/><D85/><U58/><E58/><V52/><F131/><T132/><D95/><U124/><E2/><V43/><F59/><T91/><D91/><U100/><E94/><V81/><REACH who="2" step="1"/><F76/><REACH who="2" ten="428,311,301,0" step="2"/><T101/><D132/><U112/><E112/><V67/><F67/><T79/><D79/><U55/><E124/><N who="0" m="47689" /><D101/><U134/><E134/><V73/><F73/><T47/><D45/><U126/><E126/><V89/><F89/><T62/><D66/><U50/><REACH who="1" step="1"/><E55/><REACH who="1" ten="428,301,301,0" step="2"/><V32/><F32/><T53/><D53/><U86/><AGARI ba="1,2" hai="41,44,50,68,71,78,83,86,88,92,99,100,102,103" machi="86" ten="30,6000,1" yaku="1,1,2,1,0,1,52,1,54,1,53,0" doraHai="37" doraHaiUra="113" who="1" fromWho="1" sc="428,-41,301,82,301,-21,0,0" /><INIT seed="1,0,0,5,2,44" ten="387,383,280,0" oya="1" hai0="58,47,55,129,60,32,111,62,102,51,83,65,1" hai1="46,40,0,85,116,71,48,104,103,98,93,101,81" hai2="52,67,41,135,56,110,125,91,37,106,121,113,77" hai3=""/><U99/><E116/><V38/><N who="2" m="31008" /><V49/><F106/><T36/><D32/><U45/><E71/><V124/><F77/><T127/><D1/><U108/><E108/><V114/><F91/><T92/><D111/><U50/><E0/><V78/><F78/><T97/><D127/><N who="2" m="48714" /><F110/><T35/><D35/><U95/><E104/><V134/><F67/><T79/><D129/><U133/><E133/><N who="2" m="50699" /><F41/><T54/><D65/><U117/><E117/><V61/><F61/><T96/><D97/><U82/><REACH who="1" step="1"/><E85/><REACH who="1" ten="387,373,280,0" step="2"/><V3/><F3/><T34/><D34/><U112/><E112/><AGARI ba="0,1" hai="37,38,49,52,56,112,113,114" m="50699,48714,31008" machi="112" ten="40,16000,3" yaku="11,1,18,1,20,1,34,2,52,2,54,1" doraHai="44" who="2" fromWho="1" sc="387,0,373,-160,280,170,0,0" /><INIT seed="2,0,0,0,2,36" ten="387,213,450,0" oya="2" hai0="126,121,93,46,107,63,42,96,67,120,97,92,113" hai1="64,131,78,127,83,103,81,65,112,2,60,57,115" hai2="51,106,95,59,61,69,101,53,70,133,33,94,50" hai3=""/><V58/><F33/><T84/><N who="0" m="30752" /><T129/><N who="0" m="31008" /><T116/><D116/><U104/><E2/><V132/><F106/><T68/><D113/><U80/><E131/><V90/><F101/><T56/><D129/><U88/><E127/><V117/><F117/><T71/><D107/><U99/><E65/><V38/><F38/><T77/><D126/><U135/><E135/><N who="2" m="51787" /><F50/><T62/><D77/><U109/><E109/><V52/><F95/><T100/><D84/><AGARI ba="0,0" hai="51,52,53,58,59,61,69,70,84,90,94" m="51787" machi="84" ten="30,2900,0" yaku="20,1,54,1" doraHai="36" who="2" fromWho="0" sc="387,-29,213,0,450,29,0,0" /><INIT seed="2,1,0,0,2,100" ten="358,213,479,0" oya="2" hai0="85,134,1,74,0,59,92,120,39,90,73,86,128" hai1="34,103,89,110,52,91,123,46,63,38,112,67,50" hai2="43,81,41,113,77,95,93,54,108,99,114,84,101" hai3=""/><V40/><F108/><T2/><N who="0" m="30752" /><T87/><D39/><U70/><N who="1" m="31520" /><U66/><E110/><V94/><REACH who="2" step="1"/><F54/><REACH who="2" ten="358,213,469,0" step="2"/><T57/><D134/><U131/><E34/><V88/><F88/><T122/><N who="0" m="31264" /><T58/><REACH who="0" step="1"/><D128/><REACH who="0" ten="348,213,469,0" step="2"/><U133/><E131/><V42/><N who="2" m="10240" /><DORA hai="116" /><V97/><F97/><AGARI ba="1,2" hai="0,1,2,57,58,59,73,74,85,86,87,90,92,97" m="31264,30752" machi="97" ten="50,16000,3" yaku="1,1,29,2,52,4,53,2" doraHai="100,116" doraHaiUra="124,105" who="0" fromWho="2" sc="348,182,213,0,469,-162,0,0" /><INIT seed="4,0,0,5,2,60" ten="530,213,307,0" oya="0" hai0="62,129,70,68,71,131,76,75,134,99,33,98,46" hai1="85,73,52,72,81,89,133,78,127,120,97,42,1" hai2="57,59,119,74,77,80,130,36,115,101,58,79,83" hai3=""/><T107/><D33/><U117/><N who="1" m="30752" /><U55/><E1/><V116/><F36/><T108/><D134/><U56/><E133/><V40/><F40/><T106/><D108/><U114/><E117/><V49/><F115/><T102/><D46/><U39/><E114/><V45/><F101/><T34/><D34/><U122/><N who="1" m="31264" /><U53/><E127/><V69/><F69/><T47/><D47/><U132/><E132/><V61/><F130/><N who="0" m="49674" /><D62/><U0/><E0/><V100/><F100/><T51/><D51/><U103/><E56/><V88/><F88/><T105/><D99/><U128/><E128/><V135/><F135/><T123/><N who="0" m="31520" /><T96/><D96/><U104/><REACH who="1" step="1"/><E89/><REACH who="1" ten="530,203,307,0" step="2"/><V43/><REACH who="2" step="1"/><F61/><REACH who="2" ten="530,203,297,0" step="2"/><T110/><D110/><U41/><E41/><V86/><AGARI ba="0,2" hai="43,45,49,57,58,59,74,77,79,80,83,86,116,119" machi="86" ten="30,3000,0" yaku="1,1,2,1,0,1,53,0" doraHai="60" doraHaiUra="35" who="2" fromWho="2" sc="530,-20,203,-10,297,50,0,0" /><INIT seed="5,0,0,0,2,80" ten="510,193,347,0" oya="1" hai0="100,122,120,64,113,2,37,93,62,123,91,65,98" hai1="133,125,39,81,84,66,130,101,44,77,60,48,102" hai2="85,76,56,35,92,54,105,89,38,135,124,94,57" hai3=""/><U104/><E133/><V49/><F105/><T45/><N who="0" m="30752" /><T55/><N who="0" m="31264" /><T69/><N who="0" m="31520" /><T87/><D113/><U109/><E109/><V73/><F35/><T103/><D2/><U1/><E1/><V52/><F38/><T0/><D0/><U129/><E39/><V71/><F71/><T119/><D119/><U43/><E125/><V34/><F34/><T114/><D114/><U47/><E47/><V53/><F135/><T88/><D65/><U78/><E78/><V134/><F134/><T86/><D98/><U116/><E116/><V50/><F124/><T75/><D75/><U90/><E104/><V126/><F126/><T82/><D37/><U58/><REACH who="1" step="1"/><E90/><REACH who="1" ten="510,183,347,0" step="2"/><V118/><F118/><T112/><D112/><U42/><E42/><V46/><F76/><T132/><D132/><U127/><E127/><V61/><F73/><T32/><D32/><U99/><E99/><V67/><REACH who="2" step="1"/><F67/><REACH who="2" ten="510,183,337,0" step="2"/><T36/><D36/><U63/><E63/><V40/><F40/><T72/><D72/><U107/><E107/><V128/><F128/><AGARI ba="0,2" hai="43,44,48,58,60,66,77,81,84,101,102,128,129,130" machi="128" ten="40,12000,1" yaku="1,1,19,1,52,1,53,1" doraHai="80" doraHaiUra="83" who="1" fromWho="2" sc="510,0,183,140,337,-120,0,0" /><INIT seed="5,1,0,1,1,54" ten="510,323,217,0" oya="1" hai0="80,88,109,0,39,133,134,49,87,67,122,2,82" hai1="117,33,38,47,48,89,43,100,127,78,128,75,35" hai2="42,120,130,46,66,32,115,60,98,3,125,40,76" hai3=""/><U69/><E117/><V108/><N who="2" m="30752" /><V34/><F3/><T93/><N who="0" m="31264" /><T73/><D39/><U85/><E127/><V131/><F108/><T99/><D109/><U45/><E128/><N who="2" m="49195" /><F125/><T94/><D67/><U114/><E114/><V91/><F115/><T63/><D63/><U121/><N who="1" m="31008" /><U58/><E69/><V74/><F76/><T101/><D49/><U52/><E100/><V95/><F74/><T61/><D61/><U68/><E68/><V119/><F119/><T79/><D82/><U41/><E78/><V50/><F42/><T62/><D62/><U105/><E105/><V84/><F98/><T71/><D71/><AGARI ba="1,0" hai="32,34,40,46,50,60,66,71,84,91,95" m="49195,30752" machi="71" ten="30,2000,0" yaku="19,1,52,1" doraHai="54" who="2" fromWho="0" sc="510,-22,323,0,217,22,0,0" /><INIT seed="6,0,0,3,5,125" ten="488,323,239,0" oya="2" hai0="126,78,88,70,52,120,72,51,41,79,80,108,95" hai1="127,40,116,128,74,85,107,61,98,115,106,91,48" hai2="0,58,130,50,111,42,121,118,53,114,43,33,104" hai3=""/><V69/><N who="2" m="31008" /><V92/><F0/><T105/><N who="0" m="30752" /><T71/><D108/><U62/><E74/><V64/><F33/><T83/><D105/><U109/><E109/><V49/><F104/><T3/><D126/><U55/><E127/><V93/><F111/><T103/><D103/><U46/><E115/><V123/><N who="2" m="31520" /><V56/><F118/><T44/><D41/><N who="2" m="15370" /><F69/><T38/><D38/><U81/><E116/><V54/><F114/><T60/><D60/><U35/><E35/><V73/><F73/><T75/><D3/><U59/><E128/><V113/><F113/><T2/><D2/><U39/><E106/><V131/><F64/><T68/><D70/><U110/><E110/><V57/><F57/><T47/><D47/><U32/><E32/><V87/><F87/><AGARI ba="0,0" hai="44,51,52,68,71,72,75,78,79,80,83,87,88,95" m="30752" machi="87" ten="30,8000,1" yaku="7,1,9,1,52,1,54,2" doraHai="125" who="0" fromWho="2" sc="488,80,323,0,239,-80,0,0" owari="568,51.8,323,-7.7,159,-44.1,0,0.0" /></mjloggm>