<mjloggm ver="2.3"><GO type="225" lobby="0"/><UN n0="%E3%81%A9%E3%82%8F%E3%82%93%E3%81%94" n1="%E3%82%89%E3%81%84%E3%81%82%E3%82%93%E3%81%98%E3%82%83%E3%82%93" n2="%E3%81%86%E3%82%8C%E3%81%9F%E3%82%93%E6%9E%95" n3="%E5%BE%80%E5%B9%B4%E3%81%AE%E3%82%B4%E3%83%AA%E3%83%A9" dan="16,16,16,16" rate="2142.81,2140.94,2167.49,2114.84" sx="M,M,F,M"/><TAIKYOKU oya="0"/><INIT seed="0,0,0,5,5,134" ten="250,250,250,250" oya="0" hai0="102,28,122,32,44,41,53,104,115,72,77,108,43" hai1="123,118,100,63,78,90,98,62,40,64,42,35,1" hai2="67,101,130,112,57,5,16,80,24,84,76,61,33" hai3="79,110,13,68,82,46,93,92,121,135,96,65,11"/><T99/><D122/><U94/><E118/><V55/><F112/><W109/><G135/><T74/><D115/><U117/><E117/><V75/><F130/><W9/><G121/><T119/><D119/><U83/><E123/><V73/><F5/><W20/><G20/><T69/><D53/><U125/><E125/><V15/><F101/><W50/><G65/><T105/><D105/><U128/><E1/><V106/><F106/><W19/><G68/><T25/><D108/><U31/><E128/><V49/><F24/><W51/><G11/><T132/><D132/><U22/><E35/><V111/><F33/><W18/><G18/><T54/><D54/><U58/><E62/><V114/><F111/><N who="3" m="42507" /><G46/><T23/><D23/><U116/><E116/><V39/><F39/><W10/><G10/><T127/><D43/><U52/><E64/><V12/><F114/><W124/><G124/><T91/><D127/><U87/><REACH who="1" step="1"/><E78/><REACH who="1" ten="250,240,250,250" step="2"/><V85/><F67/><W95/><G96/><T8/><D77/><U70/><E70/><V3/><F3/><W113/><G113/><T37/><D69/><U14/><E14/><V103/><F12/><W131/><G131/><T56/><D32/><U21/><E21/><V26/><F15/><W126/><G126/><T81/><D8/><U66/><E66/><V97/><F26/><AGARI ba="0,1" hai="22,26,31,40,42,52,58,63,83,87,90,94,98,100" machi="26" ten="40,8000,1" yaku="1,1,8,1,54,1,53,2" doraHai="134" doraHaiUra="38" who="1" fromWho="2" sc="250,0,240,90,250,-80,250,0" /><INIT seed="1,0,0,2,5,52" ten="250,330,170,250" oya="1" hai0="96,34,51,33,62,39,16,94,99,68,37,78,87" hai1="48,74,17,43,129,46,4,91,123,27,109,117,102" hai2="7,110,57,3,53,105,80,38,79,11,29,111,92" hai3="135,50,73,67,31,84,30,66,35,25,8,1,19"/><U81/><E117/><V70/><F105/><W18/><G73/><T76/><D51/><U59/><E123/><V60/><F38/><W12/><G135/><T15/><D87/><N who="1" m="50671" /><E74/><V101/><F70/><W49/><G31/><T83/><D83/><U132/><E4/><V61/><F29/><W90/><G19/><T6/><D6/><U122/><E122/><V55/><F101/><W103/><G103/><T45/><D45/><U118/><E118/><V114/><F92/><W56/><G1/><T13/><D94/><U133/><E129/><V75/><REACH who="2" step="1"/><F114/><REACH who="2" ten="250,330,160,250" step="2"/><W2/><G30/><T116/><D68/><U112/><E102/><V100/><F100/><W106/><G106/><T113/><D116/><U71/><E71/><V69/><F69/><W42/><G35/><T58/><D113/><U130/><E112/><V98/><F98/><W65/><G67/><T21/><D39/><U120/><E120/><V14/><F14/><N who="0" m="5130" /><D37/><U128/><E132/><V41/><F41/><W10/><G42/><T97/><D34/><U20/><E133/><V36/><F36/><W28/><G28/><T5/><D33/><U63/><E128/><V134/><F134/><W89/><G66/><N who="0" m="39255" /><D5/><U9/><E130/><V125/><F125/><W124/><G124/><T107/><D107/><U77/><E43/><V26/><F26/><AGARI ba="0,1" hai="16,21,26,76,78,96,97,99" m="39255,5130" machi="26" ten="30,3900,0" yaku="8,1,52,1,54,1" doraHai="52" who="0" fromWho="2" sc="250,49,330,0,160,-39,250,0" /><INIT seed="2,0,0,4,4,125" ten="299,330,121,250" oya="2" hai0="81,117,82,24,58,111,105,3,115,2,18,39,6" hai1="126,47,97,129,71,17,102,62,37,104,108,64,88" hai2="44,14,38,116,5,91,80,63,57,107,122,48,31" hai3="27,69,32,70,133,130,96,36,124,29,42,103,77"/><V90/><F116/><W8/><G124/><T75/><D115/><U26/><E129/><V98/><F122/><W118/><G118/><T9/><D105/><U134/><E108/><V52/><F38/><W84/><G133/><T119/><D39/><U128/><E128/><V51/><F31/><W25/><G25/><T40/><D40/><U67/><E67/><V43/><F107/><W73/><G84/><T13/><D58/><U41/><E134/><V46/><F98/><W0/><G130/><T7/><D75/><U100/><E126/><V86/><F5/><N who="0" m="1546" /><D82/><U33/><E100/><V19/><F91/><W83/><G8/><T56/><D56/><U93/><E17/><V49/><REACH who="2" step="1"/><F44/><REACH who="2" ten="299,330,111,250" step="2"/><N who="3" m="23623" /><G0/><N who="0" m="43" /><D81/><U50/><E37/><V1/><F1/><W94/><G96/><T135/><D135/><U89/><E93/><V15/><F15/><W59/><G94/><T30/><D111/><U11/><E11/><AGARI ba="0,1" hai="11,14,19,43,46,48,49,51,52,57,63,80,86,90" machi="11" ten="30,11600,0" yaku="1,1,7,1,8,1,54,1,53,0" doraHai="125" doraHaiUra="114" who="2" fromWho="1" sc="299,0,330,-116,111,126,250,0" /><INIT seed="2,1,0,2,2,63" ten="299,214,237,250" oya="2" hai0="6,114,3,123,55,1,85,78,66,121,75,31,101" hai1="15,16,124,64,26,95,110,44,5,69,89,41,130" hai2="45,72,52,129,84,53,21,115,98,39,37,80,29" hai3="93,35,92,24,99,97,27,119,48,111,23,113,20"/><V65/><F115/><W60/><G119/><T32/><D114/><U103/><E110/><V91/><F72/><W17/><G111/><T88/><D101/><U57/><E130/><V9/><F129/><W25/><G113/><T79/><D32/><U7/><E69/><V28/><F39/><W77/><G77/><T107/><D107/><U105/><E26/><V87/><F37/><W106/><G106/><T135/><D31/><U51/><E103/><V2/><F65/><W127/><G127/><T128/><D75/><U33/><E33/><V12/><F2/><W81/><G81/><T100/><D3/><U56/><E105/><V131/><F131/><W54/><G60/><T94/><D1/><U70/><E70/><V58/><F98/><N who="3" m="37387" /><G35/><T122/><D128/><U62/><E56/><V90/><F45/><N who="3" m="27919" /><G27/><T109/><D109/><U74/><E74/><V96/><F96/><W120/><G120/><T126/><D123/><U83/><E83/><N who="2" m="49439" /><F21/><W46/><G46/><T47/><D47/><U19/><E124/><V42/><F42/><W22/><G23/><T82/><D126/><U108/><E108/><V49/><F53/><W40/><G40/><T125/><D121/><U118/><E118/><V67/><F67/><W0/><G0/><T13/><D125/><U18/><E15/><V117/><F117/><W34/><G34/><T102/><D122/><U8/><E8/><V30/><F12/><W71/><G71/><T10/><D13/><U73/><E73/><V4/><F9/><W116/><G116/><T61/><D10/><U133/><E133/><V76/><F76/><RYUUKYOKU ba="1,0" sc="299,-30,214,10,237,10,250,10" hai1="5,7,16,18,19,41,44,51,57,62,64,89,95" hai2="4,28,29,30,49,52,58,80,87,91" hai3="17,20,22,24,25,92,93" /><INIT seed="2,2,0,0,4,56" ten="269,224,247,260" oya="2" hai0="46,53,51,65,119,68,112,30,4,25,29,88,83" hai1="44,118,32,15,67,42,20,80,131,127,12,60,37" hai2="16,0,133,82,111,100,3,86,54,71,6,48,35" hai3="74,17,13,81,110,116,21,52,107,129,26,85,77"/><V2/><F71/><W75/><G116/><T57/><D112/><U134/><E32/><V34/><F133/><W104/><G110/><T10/><D119/><U93/><E118/><V8/><F111/><W128/><G75/><T84/><D68/><U130/><E134/><V92/><F34/><W117/><G117/><T78/><D78/><U31/><E80/><V87/><F35/><W66/><G66/><T89/><D89/><U1/><E1/><V94/><F87/><W58/><G13/><N who="0" m="5319" /><D25/><N who="1" m="16807" /><E93/><V36/><F36/><W132/><G74/><T126/><D126/><U69/><E127/><V122/><F122/><W39/><G39/><T109/><D109/><U24/><E24/><V98/><F94/><W40/><G40/><N who="0" m="25031" /><D65/><U123/><E123/><V95/><F95/><W61/><REACH who="3" step="1"/><G132/><REACH who="3" ten="269,224,247,250" step="2"/><T96/><D96/><U124/><E124/><V23/><F86/><W49/><G49/><AGARI ba="2,1" hai="29,30,49,53,57,83,84,88" m="25031,5319" machi="49" ten="30,2000,0" yaku="8,1,54,1" doraHai="56" who="0" fromWho="3" sc="269,36,224,0,247,0,250,-26" /><INIT seed="3,0,0,0,0,2" ten="305,224,247,224" oya="3" hai0="69,115,73,51,107,92,72,61,132,74,44,64,55" hai1="97,9,131,4,96,41,127,85,46,90,10,117,83" hai2="68,129,31,49,120,54,62,13,108,29,111,27,60" hai3="113,135,98,58,78,23,121,88,19,6,79,34,82"/><W42/><G113/><T124/><D107/><U18/><E131/><V106/><F106/><W20/><G121/><T103/><D115/><U1/><E127/><V45/><F129/><W35/><G135/><T3/><D132/><U94/><E117/><V5/><F120/><W134/><G134/><T39/><D3/><U16/><E97/><V71/><F29/><W24/><G35/><T102/><D124/><U126/><E10/><N who="2" m="4303" /><F71/><W89/><G34/><T109/><D109/><N who="2" m="42058" /><F68/><W66/><G42/><N who="0" m="22623" /><D92/><U133/><E133/><V37/><F37/><W40/><G40/><T36/><D36/><U7/><E7/><V15/><F15/><W91/><G6/><T25/><D25/><U99/><E99/><V116/><F116/><W81/><G98/><T84/><D84/><U122/><E126/><V119/><F119/><W104/><G104/><T11/><D11/><U123/><E122/><V118/><F118/><W32/><G32/><AGARI ba="0,0" hai="27,31,32,45,49,54,60,62" m="42058,4303" machi="32" ten="30,2000,0" yaku="14,1,52,1" doraHai="2" who="2" fromWho="3" sc="305,0,224,0,247,20,224,-20" owari="305,40.5,224,-17.6,267,6.7,204,-29.6" /></mjloggm>