<mjloggm ver="2.3"><GO type="169" lobby="0"/><UN n0="%E3%83%AC%E3%83%87%E3%82%B9%E3%83%9E" n1="%E3%81%B2%E3%81%A3%E3%81%93%E3%82%8D%32%36" n2="%E2%98%86%E3%82%86%E3%81%84%E3%82%89%E3%81%B6%E2%98%86" n3="%E3%81%86%E3%81%BE%E3%81%86%E3%81%BE%30%33%30%35" dan="16,17,16,16" rate="2002.59,2124.13,2081.41,2102.76" sx="M,M,M,M"/><TAIKYOKU oya="0"/><INIT seed="0,0,0,4,0,99" ten="250,250,250,250" oya="0" hai0="76,22,4,124,11,69,90,68,98,63,118,16,116" hai1="9,49,75,117,120,97,113,70,109,133,45,87,119" hai2="26,130,6,57,39,108,83,10,101,64,78,8,2" hai3="71,20,44,59,7,23,38,100,131,21,134,121,52"/><T54/><D76/><U3/><E87/><V62/><F130/><W27/><G131/><T132/><D132/><U106/><E97/><V95/><F39/><W94/><G71/><T72/><D72/><U112/><E49/><V33/><F108/><W125/><G134/><T29/><D29/><U42/><E42/><V73/><F8/><W24/><G125/><T85/><D124/><U114/><E45/><V128/><F128/><W105/><G105/><T91/><D98/><U55/><E55/><V103/><REACH who="2" step="1"/><F95/><REACH who="2" ten="250,250,240,250" step="2"/><W40/><G38/><T19/><D11/><U30/><E9/><V129/><F129/><W56/><G94/><T31/><D118/><U135/><E109/><V25/><F25/><W32/><G27/><T126/><D116/><U5/><E119/><V80/><F80/><W14/><G24/><T0/><D126/><U41/><E117/><V43/><F43/><W107/><G40/><T53/><D0/><U37/><E41/><V61/><F61/><W48/><G107/><T111/><D63/><U115/><E106/><V79/><F79/><W89/><G121/><T88/><D111/><U1/><E120/><V46/><F46/><W74/><G44/><T66/><D4/><U92/><E112/><V15/><F15/><W50/><G14/><T34/><D34/><U60/><E113/><V18/><F18/><W36/><G7/><T17/><D17/><U65/><E114/><V123/><F123/><W86/><G32/><T122/><D122/><U67/><E115/><V102/><F102/><W84/><G100/><T96/><D19/><U58/><E133/><RYUUKYOKU ba="0,1" sc="250,-10,250,-10,240,30,250,-10" hai2="2,6,10,26,33,57,62,64,73,78,83,101,103" /><INIT seed="1,1,1,3,5,41" ten="240,240,270,240" oya="1" hai0="44,132,37,103,86,47,21,80,121,81,125,97,78" hai1="62,9,130,32,27,67,15,115,2,126,20,91,56" hai2="12,29,38,60,79,10,68,59,131,14,112,48,24" hai3="122,114,46,72,55,117,120,17,23,7,111,96,134"/><U26/><E115/><V93/><F112/><W99/><G114/><T45/><D125/><U90/><E130/><V102/><F38/><W92/><G72/><T61/><D132/><U8/><E126/><V25/><F68/><W0/><G134/><T119/><D119/><U108/><E108/><V113/><F79/><W19/><G111/><T124/><D124/><U5/><E9/><V57/><F131/><W83/><G83/><T76/><D121/><U52/><E67/><V16/><F113/><W66/><G66/><T129/><D129/><U50/><E62/><V89/><F102/><W84/><G84/><T116/><D116/><U13/><E2/><V64/><F29/><W95/><G0/><T69/><D37/><U42/><E42/><V3/><F3/><W28/><G117/><T135/><D135/><U70/><E32/><V35/><F12/><W75/><G75/><T30/><D61/><U118/><E70/><V1/><F35/><W110/><G110/><T39/><D39/><U105/><E105/><V106/><F106/><W77/><G7/><T11/><D11/><U40/><E40/><V4/><F4/><W65/><G65/><T34/><D34/><U63/><E63/><V107/><F107/><W54/><G23/><T87/><D69/><U127/><E118/><V36/><F36/><W43/><G43/><T58/><D58/><U82/><E127/><V18/><F1/><W88/><G120/><T85/><D85/><N who="1" m="50487" /><E91/><V51/><F60/><W100/><G122/><T49/><D49/><U94/><E94/><V53/><F51/><W6/><G95/><RYUUKYOKU ba="1,1" sc="240,-10,240,30,270,-10,240,-10" hai1="5,8,13,15,20,26,27,50,52,56" /><INIT seed="1,2,1,4,1,23" ten="230,270,260,230" oya="1" hai0="1,53,35,50,6,47,5,20,123,17,39,134,82" hai1="98,95,117,128,0,70,34,87,32,22,28,108,29" hai2="94,30,63,86,44,135,119,105,59,14,33,83,120" hai3="121,100,80,130,7,15,21,79,73,101,116,85,55"/><U74/><E74/><V91/><F105/><W124/><G121/><T11/><D123/><U13/><E70/><V126/><F120/><W68/><G68/><T40/><D134/><U76/><E117/><V109/><F119/><W4/><G116/><T93/><D35/><U18/><E34/><V16/><F109/><W92/><G124/><T37/><D5/><U71/><E71/><V27/><F126/><W131/><G55/><T125/><D125/><U132/><E132/><V112/><F135/><W10/><G7/><T89/><D82/><U81/><E0/><V107/><F44/><W12/><G12/><T48/><D48/><U78/><E32/><V127/><F107/><W61/><G61/><T41/><D39/><U75/><E128/><N who="3" m="49194" /><G21/><T133/><D37/><U56/><E108/><V65/><F127/><W77/><G77/><T67/><D67/><U106/><E106/><V66/><F112/><W58/><G58/><T102/><D133/><U45/><E45/><V114/><F114/><W42/><G42/><T51/><D51/><U69/><E69/><V110/><F110/><W19/><G4/><T104/><D104/><U46/><E46/><V90/><F66/><W54/><G54/><T64/><D64/><U118/><E56/><V52/><F65/><W57/><G57/><T129/><D129/><U115/><E115/><V122/><F122/><W26/><G26/><T36/><D36/><U72/><E118/><V8/><F94/><W49/><G49/><T62/><D62/><U103/><E76/><AGARI ba="2,1" hai="8,14,16,27,30,33,52,59,63,76,83,86,90,91" machi="76" ten="30,7700,0" yaku="7,1,52,1,54,2" doraHai="23" who="2" fromWho="1" sc="230,0,270,-83,260,93,230,0" /><INIT seed="2,0,0,3,3,14" ten="230,187,353,230" oya="2" hai0="69,110,113,122,48,68,109,9,49,126,82,118,70" hai1="72,60,52,63,31,15,87,2,119,23,79,41,111" hai2="22,127,16,74,84,44,124,53,125,130,96,123,88" hai3="108,6,100,64,27,99,29,12,134,20,32,106,54"/><V57/><F123/><W45/><G134/><T135/><D82/><U5/><E119/><V21/><F74/><W128/><G128/><T98/><D98/><U80/><E111/><N who="0" m="42505" /><D9/><U24/><E2/><V33/><F33/><W36/><G108/><T131/><D122/><U112/><E112/><V76/><F130/><W42/><G54/><T35/><D35/><U102/><E41/><V55/><F76/><W105/><G64/><T43/><D131/><U8/><E72/><V28/><F96/><W25/><G6/><T101/><D101/><U120/><E102/><V30/><F22/><W71/><G71/><T61/><D113/><U115/><E120/><V0/><F0/><W3/><G3/><T19/><D19/><U114/><E114/><V1/><F1/><W7/><G7/><T18/><D18/><N who="1" m="8551" /><E115/><V40/><F57/><W66/><G12/><T103/><D103/><U132/><E5/><V121/><F121/><W116/><G66/><T4/><D4/><U97/><E97/><V47/><F55/><W91/><G116/><T26/><D26/><U129/><E132/><V104/><F53/><W81/><G106/><T10/><D135/><U65/><E65/><V85/><F104/><W67/><G67/><T77/><D118/><U13/><E13/><N who="2" m="9359" /><F84/><N who="3" m="50575" /><G32/><T107/><D107/><U37/><E129/><V83/><F47/><W50/><G36/><AGARI ba="0,0" hai="28,30,36,40,44,83,85,88,124,125,127" m="9359" machi="36" ten="30,11600,0" yaku="18,1,52,1,54,2" doraHai="14" who="2" fromWho="3" sc="230,0,187,0,353,116,230,-116" /><INIT seed="2,1,0,5,4,92" ten="230,187,469,114" oya="2" hai0="49,135,86,123,79,51,41,47,100,104,39,116,77" hai1="132,53,61,76,115,74,85,72,40,46,3,110,114" hai2="67,24,50,55,128,112,27,32,43,18,5,99,34" hai3="36,4,26,78,90,57,9,69,131,37,101,2,12"/><V31/><F112/><W58/><G69/><T56/><D123/><U124/><E110/><V33/><F128/><W66/><G131/><T130/><D130/><U95/><E124/><V119/><F119/><W113/><G113/><T15/><D135/><U84/><E132/><V28/><F5/><W45/><G78/><T59/><D39/><U62/><E3/><V105/><F67/><W0/><G26/><T10/><D116/><U11/><E95/><V22/><F43/><W93/><G101/><T106/><D106/><U38/><E53/><V65/><F65/><W80/><G80/><T91/><D100/><U68/><E40/><V103/><REACH who="2" step="1"/><F31/><REACH who="2" ten="230,187,459,114" step="2"/><W83/><G66/><T89/><D41/><U111/><E115/><V82/><F82/><W88/><G83/><T96/><D77/><U122/><E76/><V81/><F81/><W127/><G4/><T71/><D79/><U44/><E114/><V7/><F7/><W52/><G127/><T20/><D71/><U35/><E68/><V118/><F118/><W121/><G121/><T48/><D104/><U94/><E122/><V19/><F19/><W108/><G108/><T30/><D30/><U70/><E70/><V21/><F21/><W133/><G133/><T102/><D20/><U29/><E29/><V107/><F107/><W63/><G9/><T109/><D10/><U25/><E11/><V87/><F87/><W126/><G126/><T54/><D86/><U134/><E85/><V14/><F14/><W1/><G12/><T42/><D15/><U6/><E84/><V120/><F120/><W97/><G2/><RYUUKYOKU ba="1,1" sc="230,-10,187,-10,459,30,114,-10" hai2="18,22,24,27,28,32,33,34,50,55,99,103,105" /><INIT seed="2,2,1,3,5,125" ten="220,177,489,104" oya="2" hai0="32,86,51,8,59,14,99,108,30,79,84,104,15" hai1="38,44,87,12,118,4,16,26,9,25,95,52,3" hai2="80,62,20,0,56,40,67,78,131,65,134,70,43" hai3="94,92,24,117,46,61,101,74,66,90,114,11,132"/><V42/><F0/><W130/><G117/><T64/><D108/><U73/><E73/><V127/><F127/><W18/><G114/><T13/><D8/><U35/><E118/><V76/><F134/><W133/><G74/><T63/><D79/><U71/><E71/><V107/><F107/><W81/><G81/><T77/><D77/><U82/><E95/><V19/><F131/><W45/><G101/><T124/><D124/><U102/><E102/><V93/><F67/><W34/><G94/><T98/><D30/><U68/><E68/><V57/><F70/><W29/><G130/><T85/><D32/><U89/><E35/><V31/><F31/><W55/><G18/><T119/><D119/><U48/><REACH who="1" step="1"/><E38/><REACH who="1" ten="220,167,489,104" step="2"/><V97/><F80/><W96/><G132/><T53/><REACH who="0" step="1"/><D104/><REACH who="0" ten="210,167,489,104" step="2"/><U17/><E17/><V37/><F19/><W22/><G133/><T91/><D91/><U28/><E28/><V126/><F126/><W83/><G90/><T47/><AGARI ba="2,3" hai="13,14,15,47,51,53,59,63,64,84,85,86,98,99" machi="47" ten="30,4000,0" yaku="1,1,0,1,8,1,53,0" doraHai="125" doraHaiUra="33" who="0" fromWho="0" sc="210,76,167,-12,489,-22,104,-12" /><INIT seed="3,0,0,4,4,63" ten="286,155,467,92" oya="3" hai0="124,85,12,59,5,76,6,118,110,102,116,86,121" hai1="42,88,130,101,73,65,96,64,10,46,43,131,75" hai2="38,125,123,57,31,117,47,112,67,72,17,62,60" hai3="39,44,105,71,0,108,97,70,19,61,20,8,135"/><W56/><G135/><T93/><D110/><U100/><E10/><V90/><F72/><W48/><G39/><T22/><D121/><U120/><E120/><V134/><F31/><W114/><G114/><T119/><D124/><U77/><E77/><V111/><F90/><W80/><G80/><T15/><D59/><U82/><E82/><V126/><F17/><W113/><G113/><T49/><D49/><U33/><E33/><V92/><F92/><W74/><G74/><T3/><D3/><U115/><E115/><V122/><F112/><W2/><G108/><T23/><D76/><U58/><E58/><N who="2" m="37271" /><F111/><W14/><G97/><T84/><D93/><U89/><E46/><V83/><F83/><W107/><G107/><T68/><D68/><U25/><E25/><V24/><F24/><W16/><G105/><T1/><D102/><U54/><E54/><N who="2" m="34103" /><F134/><W50/><G0/><T87/><D87/><U4/><E4/><N who="0" m="1641" /><D1/><U98/><AGARI ba="0,0" hai="42,43,64,65,73,75,88,89,96,98,100,101,130,131" machi="98" ten="25,12000,2" yaku="0,1,22,2,52,2,54,1" doraHai="63" who="1" fromWho="1" sc="286,-30,155,120,467,-30,92,-60" /><INIT seed="4,0,0,4,3,67" ten="256,275,437,32" oya="0" hai0="120,92,70,41,16,95,89,130,11,109,12,75,104" hai1="112,107,66,14,128,93,111,64,1,81,26,62,5" hai2="118,69,106,27,129,91,25,22,116,87,33,98,108" hai3="35,31,47,52,51,134,121,88,28,58,68,53,117"/><T90/><D120/><U0/><E111/><V63/><F108/><W34/><G117/><T32/><D109/><U77/><E107/><V55/><F129/><W132/><G121/><T20/><D104/><U78/><E78/><V97/><F55/><W122/><G122/><T80/><D32/><U114/><E66/><N who="2" m="41183" /><F22/><W99/><G35/><T29/><D70/><N who="1" m="42263" /><E26/><V110/><F110/><W124/><G68/><T23/><D130/><U86/><E93/><N who="2" m="54527" /><F25/><W18/><G124/><T83/><D41/><U3/><E14/><V10/><F10/><W125/><G125/><T39/><D39/><U105/><E105/><V127/><F127/><W15/><G34/><T43/><D43/><U60/><E60/><V13/><F13/><W40/><G53/><T19/><D29/><U65/><E65/><V57/><F57/><W24/><G24/><N who="0" m="14367" /><D11/><N who="1" m="2495" /><E128/><V72/><F72/><W48/><G28/><T135/><D75/><U73/><E73/><V44/><F44/><W50/><G50/><T101/><D101/><U8/><E8/><V103/><F97/><W131/><G31/><AGARI ba="0,0" hai="27,31,33,98,103,106,116,118" m="54527,41183" machi="31" ten="30,2000,0" yaku="25,1,52,1" doraHai="67" who="2" fromWho="3" sc="256,0,275,0,437,20,32,-20" /><INIT seed="5,0,0,3,0,2" ten="256,275,457,12" oya="1" hai0="95,117,90,87,92,53,94,126,110,72,91,116,131" hai1="12,119,37,32,79,65,122,48,47,96,78,68,16" hai2="97,25,100,66,1,89,57,104,40,52,135,123,6" hai3="20,8,108,118,111,113,31,112,39,4,15,21,61"/><U22/><E122/><V80/><F40/><W11/><G39/><T133/><D53/><U0/><E32/><V129/><F66/><W102/><G102/><T56/><D56/><U114/><E37/><V30/><F123/><W124/><G61/><T49/><D49/><U75/><E119/><N who="0" m="45641" /><D110/><N who="3" m="42025" /><G118/><T82/><D126/><U98/><E0/><V74/><F129/><W81/><G81/><T14/><D14/><U60/><E114/><N who="3" m="44138" /><G124/><T27/><D27/><U38/><E38/><V24/><F89/><W132/><G132/><T120/><D120/><U3/><E3/><V88/><F74/><W62/><G62/><T17/><D133/><U107/><E107/><V59/><F88/><W103/><G103/><T115/><D115/><U51/><E75/><V7/><F80/><W50/><G50/><N who="1" m="18986" /><E47/><V70/><F70/><W109/><N who="3" m="42033" /><W76/><DORA hai="42" /><G76/><N who="1" m="29226" /><E68/><V35/><F135/><W54/><G54/><T128/><D72/><U10/><E60/><V55/><F1/><N who="3" m="15" /><G31/><T69/><D69/><U26/><E65/><V84/><F104/><W41/><G41/><T18/><D90/><U105/><E105/><V19/><F100/><W130/><G130/><AGARI ba="0,0" hai="17,18,82,87,91,92,94,95,128,130,131" m="45641" machi="130" ten="40,1300,0" yaku="19,1" doraHai="2,42" who="0" fromWho="3" sc="256,13,275,0,457,0,12,-13" owari="269,-13.1,275,7.5,457,55.7,-1,-50.1" /></mjloggm>