<mjloggm ver="2.3"><GO type="185" lobby="0"/><UN n0="%E3%83%9E%E3%83%83%E3%83%88%E3%83%98%E3%83%AB%E3%82%B9" n1="%E3%81%93%E3%82%8C%E3%81%8D%E3%82%88%E3%81%AE%E3%81%99%E3%81%91" n2="%E7%A0%82%E5%90%B9%E3%81%8D%E3%82%93" n3="" dan="17,17,17,0" rate="2232.78,2180.32,2258.61,1500.00" sx="M,M,M,C"/><TAIKYOKU oya="0"/><INIT seed="0,0,0,0,1,104" ten="350,350,350,0" oya="0" hai0="65,42,66,82,56,131,50,85,84,1,116,100,133" hai1="46,74,110,67,88,132,32,36,80,112,37,95,123" hai2="60,126,48,106,43,121,51,38,119,90,122,58,105" hai3=""/><T107/><D1/><U125/><N who="1" m="31520" /><U91/><E32/><V59/><N who="2" m="31008" /><V61/><N who="2" m="31264" /><V87/><F126/><T96/><D116/><U78/><E125/><V39/><F87/><T97/><D133/><U70/><E132/><V86/><F86/><T114/><D114/><U49/><E112/><V102/><F102/><T72/><D42/><U63/><E91/><V76/><F76/><T62/><D97/><U101/><E101/><V129/><F43/><T55/><D66/><U98/><E110/><V2/><F90/><T68/><REACH who="0" step="1"/><D131/><REACH who="0" ten="340,350,350,0" step="2"/><U111/><E111/><V33/><F129/><T73/><D73/><U134/><E134/><V124/><F124/><T79/><AGARI ba="0,1" hai="50,55,56,62,65,68,72,79,82,84,85,96,100,107" machi="79" ten="30,4000,0" yaku="1,1,0,1,52,1,53,0" doraHai="104" doraHaiUra="115" who="0" fromWho="0" sc="340,50,350,-20,350,-20,0,0" /><INIT seed="0,1,0,0,2,44" ten="390,330,330,0" oya="0" hai0="33,71,3,85,132,68,93,80,89,37,122,116,91" hai1="101,102,73,57,49,92,42,87,131,133,100,78,109" hai2="130,82,63,98,46,129,81,66,34,135,79,67,107" hai3=""/><T106/><N who="0" m="31264" /><T117/><D33/><U32/><E32/><V110/><F34/><T2/><D37/><U43/><E133/><V111/><F135/><T52/><D106/><U60/><E73/><V35/><F35/><T115/><D115/><U124/><E131/><N who="2" m="50187" /><F46/><T64/><D132/><U99/><E124/><V62/><F98/><T75/><D71/><U65/><E109/><N who="2" m="41483" /><F107/><T134/><D134/><U40/><E78/><V84/><F84/><T77/><D75/><U95/><E87/><V50/><F50/><T53/><D3/><U51/><REACH who="1" step="1"/><E95/><REACH who="1" ten="390,320,330,0" step="2"/><V58/><F79/><T125/><D77/><U108/><E108/><V94/><F94/><T39/><D93/><U38/><E38/><V48/><F82/><T59/><D39/><U76/><E76/><V104/><F81/><T126/><D80/><U86/><E86/><V114/><F104/><T47/><D85/><U45/><E45/><V72/><F72/><T88/><D47/><U121/><N who="1" m="31008" /><U97/><E97/><V120/><N who="2" m="30752" /><V112/><F112/><T103/><D126/><U105/><E105/><V55/><F114/><T90/><D125/><U36/><E36/><V70/><F70/><T54/><D68/><U74/><E74/><V0/><F0/><RYUUKYOKU ba="1,1" sc="390,-20,320,10,330,10,0,0" hai1="40,42,43,49,51,57,60,65,92,99,100,101,102" hai2="48,55,58,62,63,66,67" /><INIT seed="1,2,1,3,3,115" ten="370,330,340,0" oya="1" hai0="111,131,70,36,94,42,47,43,79,123,3,68,101" hai1="106,98,83,60,82,41,135,110,132,107,105,52,51" hai2="108,59,64,96,57,58,55,65,53,127,84,88,116" hai3=""/><U34/><E34/><V66/><F108/><T71/><N who="0" m="31520" /><T81/><D111/><U122/><N who="1" m="31264" /><U113/><E113/><V130/><F130/><T97/><D131/><U104/><E110/><V100/><F127/><T73/><REACH who="0" step="1"/><D43/><REACH who="0" ten="360,330,340,0" step="2"/><U61/><E41/><V46/><F116/><T77/><D77/><U33/><E33/><V102/><F96/><T134/><D134/><N who="1" m="51243" /><E98/><V2/><F2/><AGARI ba="2,2" hai="2,3,36,42,47,68,70,71,73,79,81,94,97,101" m="31520" machi="2" ten="40,2600,0" yaku="1,1,52,1,53,0" doraHai="115" doraHaiUra="49" who="0" fromWho="2" sc="360,50,330,0,340,-30,0,0" /><INIT seed="2,0,0,0,3,35" ten="410,330,310,0" oya="2" hai0="127,111,133,66,45,104,86,67,69,129,74,103,121" hai1="107,49,87,125,70,78,42,76,71,132,61,51,101" hai2="81,106,79,122,105,118,55,65,56,32,112,135,94" hai3=""/><V39/><N who="2" m="31264" /><V0/><F118/><T62/><N who="0" m="31008" /><T47/><D74/><U97/><E132/><V91/><F112/><T82/><D133/><U80/><E125/><V59/><F39/><T120/><N who="0" m="30752" /><T126/><D129/><U63/><E76/><V85/><F32/><T52/><D67/><U99/><E99/><V115/><F115/><T131/><D131/><U89/><E42/><V114/><F114/><T2/><D2/><U109/><E109/><V72/><F0/><T83/><D111/><U75/><E61/><V53/><F65/><T102/><D83/><U36/><E36/><V50/><REACH who="2" step="1"/><F135/><REACH who="2" ten="410,330,300,0" step="2"/><T88/><D127/><U84/><E71/><V96/><F96/><T33/><D126/><U130/><E70/><V110/><F110/><T54/><D33/><U37/><E130/><V119/><F119/><T57/><D69/><U38/><E37/><V116/><F116/><T44/><D104/><U90/><E38/><V60/><AGARI ba="0,1" hai="50,53,55,56,59,60,72,79,81,85,91,94,105,106" m="31264" machi="60" ten="20,5200,0" yaku="1,1,0,1,7,1,52,1,53,0" doraHai="35" doraHaiUra="92" who="2" fromWho="2" sc="410,-26,330,-26,300,62,0,0" /><INIT seed="2,1,0,2,3,41" ten="384,304,362,0" oya="2" hai0="76,106,92,120,105,131,58,47,103,71,38,113,132" hai1="91,63,118,102,81,62,3,57,37,75,104,39,127" hai2="100,133,54,89,68,122,42,94,61,51,115,87,112" hai3=""/><V60/><N who="2" m="31264" /><V55/><F133/><T134/><N who="0" m="30752" /><T117/><D71/><U123/><N who="1" m="31520" /><U109/><E3/><V110/><F110/><T83/><D117/><U70/><E104/><V98/><F42/><T125/><D113/><U86/><E102/><V56/><F61/><T59/><D125/><U90/><E75/><V84/><F84/><T49/><D38/><U116/><E127/><V93/><REACH who="2" step="1"/><F68/><REACH who="2" ten="384,304,352,0" step="2"/><T95/><D134/><U119/><E109/><V40/><F40/><T52/><D132/><U36/><E70/><V66/><F66/><T108/><D108/><U79/><E63/><V65/><F65/><AGARI ba="1,1" hai="36,37,39,57,62,65,79,81,86,90,91,116,118,119" m="31520" machi="65" ten="50,3200,0" yaku="12,1,52,1" doraHai="41" who="1" fromWho="2" sc="384,0,304,44,352,-34,0,0" /><INIT seed="4,0,0,1,0,65" ten="384,348,318,0" oya="0" hai0="82,84,63,47,95,127,123,122,42,118,53,39,94" hai1="130,38,86,91,66,71,133,48,113,135,124,64,129" hai2="105,109,75,1,73,62,69,107,77,93,67,99,111" hai3=""/><T57/><N who="0" m="31264" /><T72/><N who="0" m="31520" /><T40/><D118/><U56/><E38/><V51/><F1/><T60/><D127/><U36/><E36/><V125/><F125/><T87/><D42/><U131/><E71/><V104/><F51/><T78/><D87/><U44/><E113/><V37/><F37/><T92/><REACH who="0" step="1"/><D72/><REACH who="0" ten="374,348,318,0" step="2"/><U110/><E124/><V61/><F75/><T0/><D0/><U106/><E130/><V45/><F73/><T34/><D34/><U49/><E129/><V32/><F32/><T126/><D126/><U41/><E131/><V46/><F109/><T68/><D68/><U54/><E110/><V3/><F111/><T103/><D103/><U121/><N who="1" m="31008" /><U102/><E135/><V74/><F3/><T55/><D55/><U79/><E133/><V117/><F117/><T134/><D134/><U58/><E41/><V97/><F74/><T132/><D132/><U35/><E35/><V76/><F69/><T112/><D112/><U85/><E54/><V33/><F33/><T2/><D2/><U108/><E108/><V52/><F52/><T59/><D59/><U128/><E128/><V83/><F46/><T120/><N who="0" m="30752" /><T50/><AGARI ba="0,1" hai="39,40,47,50,53,57,60,63,78,82,84,92,94,95" m="30752,31520,31264" machi="50" ten="30,12000,2" yaku="1,1,4,1,0,1,52,3,53,1" doraHai="65" doraHaiUra="81" who="0" fromWho="0" sc="374,130,348,-60,318,-60,0,0" /><INIT seed="4,1,0,2,1,2" ten="504,288,258,0" oya="0" hai0="91,58,47,79,62,56,3,107,36,93,78,129,1" hai1="73,94,120,82,97,54,92,110,127,134,113,83,60" hai2="77,37,81,109,76,121,101,95,74,51,89,115,126" hai3=""/><T52/><D107/><U45/><N who="1" m="30752" /><U90/><E110/><V40/><N who="2" m="31008" /><V42/><F109/><T131/><D3/><U106/><E106/><V98/><F115/><T80/><D1/><U96/><E113/><V130/><F130/><N who="0" m="49674" /><D58/><U69/><E134/><V39/><F126/><T0/><D80/><U48/><E73/><V34/><F77/><T50/><D36/><U71/><E127/><V133/><F133/><T65/><D0/><U117/><E117/><V112/><F112/><T111/><D111/><U66/><REACH who="1" step="1"/><E71/><REACH who="1" ten="504,278,258,0" step="2"/><V85/><F74/><T57/><D56/><U33/><E33/><V61/><F34/><T86/><AGARI ba="1,1" hai="47,50,52,57,62,65,78,79,86,91,93" m="49674" machi="86" ten="30,2000,0" yaku="19,1,54,1" doraHai="2" who="0" fromWho="0" sc="504,32,278,-11,258,-11,0,0" /><INIT seed="4,2,0,2,5,74" ten="536,267,247,0" oya="0" hai0="122,44,133,131,80,118,39,106,112,100,75,58,37" hai1="107,130,53,57,49,64,33,46,124,41,109,52,134" hai2="50,121,62,119,99,60,51,79,67,78,54,114,104" hai3=""/><T91/><N who="0" m="31264" /><T48/><D118/><U123/><N who="1" m="31520" /><U135/><E107/><V94/><N who="2" m="31008" /><V101/><F114/><T125/><D112/><U108/><E33/><V61/><F119/><T128/><D58/><U32/><E32/><V120/><N who="2" m="30752" /><V113/><F113/><T116/><D116/><U111/><E124/><V43/><F67/><T72/><D125/><U117/><E130/><V35/><F35/><T77/><D75/><U83/><E83/><V68/><F68/><T2/><D2/><U36/><E117/><V88/><F51/><T66/><D66/><U3/><E3/><V86/><REACH who="2" step="1"/><F43/><REACH who="2" ten="536,267,237,0" step="2"/><T71/><D71/><U89/><E64/><V105/><F105/><T115/><D106/><U127/><E127/><V70/><F70/><T110/><D115/><U65/><E65/><V126/><F126/><T96/><D48/><U59/><E89/><V40/><F40/><T47/><D91/><U38/><E38/><V0/><F0/><T42/><D39/><U85/><E85/><V90/><F90/><T82/><D37/><U129/><E129/><V56/><AGARI ba="2,1" hai="50,54,56,60,61,62,78,79,86,88,94,99,101,104" m="30752,31008" machi="56" ten="30,12000,3" yaku="1,1,0,1,52,4,54,1,53,1" doraHai="74" doraHaiUra="93" who="2" fromWho="2" sc="536,-82,267,-42,237,134,0,0" /><INIT seed="5,0,0,4,1,93" ten="454,225,371,0" oya="1" hai0="47,128,68,90,129,131,80,124,32,107,41,85,114" hai1="97,81,44,59,40,103,98,0,70,42,58,45,43" hai2="108,3,50,66,84,132,105,73,116,106,71,2,102" hai3=""/><U100/><E0/><V117/><F108/><T95/><D114/><U92/><E70/><V91/><F73/><T60/><D32/><U120/><N who="1" m="30752" /><U134/><E81/><V52/><F132/><T112/><D107/><U57/><REACH who="1" step="1"/><E134/><REACH who="1" ten="454,215,371,0" step="2"/><V123/><N who="2" m="31520" /><V79/><F2/><T54/><D80/><U115/><E115/><V38/><F3/><T87/><D112/><U127/><E127/><V33/><F33/><T61/><D124/><U119/><E119/><V65/><F116/><T125/><D68/><U75/><E75/><V109/><F117/><T77/><D125/><U39/><E39/><V56/><F38/><T63/><D131/><U37/><E37/><V126/><F126/><T118/><D129/><U67/><E67/><V83/><F71/><T72/><D118/><U55/><E55/><V62/><F66/><T46/><D54/><U122/><N who="1" m="31264" /><U1/><E1/><V82/><F65/><T101/><D72/><U121/><N who="1" m="31008" /><U94/><AGARI ba="0,1" hai="40,42,43,44,45,57,58,59,92,94,97,98,100,103" m="31008,31264,30752" machi="94" ten="30,16000,3" yaku="1,1,4,1,0,1,9,1,8,1,52,5,53,0" doraHai="93" doraHaiUra="135" who="1" fromWho="1" sc="454,-80,215,170,371,-80,0,0" /><INIT seed="5,1,0,2,1,111" ten="374,385,291,0" oya="1" hai0="40,61,72,39,109,91,37,84,74,73,51,99,94" hai1="54,108,113,114,117,81,63,98,43,80,83,0,125" hai2="93,59,95,35,36,45,70,3,53,48,124,97,67" hai3=""/><U41/><E0/><V106/><F124/><T118/><D109/><U57/><E117/><V85/><F3/><T103/><D118/><U32/><E32/><V122/><N who="2" m="31264" /><V2/><F2/><T112/><D61/><U58/><E108/><V62/><F35/><T71/><D71/><U64/><E98/><V1/><F1/><T119/><D119/><U121/><N who="1" m="31008" /><U42/><REACH who="1" step="1"/><E125/><REACH who="1" ten="374,375,291,0" step="2"/><V89/><F106/><T52/><D99/><U65/><E65/><V128/><F128/><T50/><D72/><U123/><N who="1" m="31520" /><U92/><E92/><V79/><F79/><T110/><D73/><U82/><N who="1" m="20480" /><DORA hai="100" /><U34/><E34/><V60/><F36/><T133/><D74/><U96/><E96/><V131/><F131/><T129/><D129/><U33/><E33/><V116/><F116/><T75/><D75/><U134/><E134/><V68/><REACH who="2" step="1"/><F62/><AGARI ba="1,1" hai="41,42,43,54,57,58,62,63,64,113,114" m="20480,31520,31008" machi="62" ten="60,12000,1" yaku="1,1,52,4,53,0" doraHai="111,100" doraHaiUra="69,115" who="1" fromWho="2" sc="374,0,375,132,291,-122,0,0" /><INIT seed="5,2,0,3,3,88" ten="374,507,169,0" oya="1" hai0="99,72,86,124,0,128,119,114,77,34,79,49,50" hai1="78,130,59,65,82,95,118,84,63,58,64,121,76" hai2="51,38,73,35,32,117,120,44,69,106,68,46,111" hai3=""/><U55/><N who="1" m="31008" /><U62/><E118/><V40/><N who="2" m="30752" /><V1/><F111/><T126/><D114/><U61/><E130/><V41/><F117/><T37/><D37/><U127/><E127/><V133/><F133/><T43/><D119/><U104/><E104/><V56/><F73/><T115/><D115/><U103/><E78/><V87/><F106/><T135/><D128/><U105/><E105/><V71/><F1/><T90/><D135/><U33/><E33/><V67/><REACH who="2" step="1"/><F87/><REACH who="2" ten="374,507,159,0" step="2"/><T129/><D72/><U134/><E134/><V80/><F80/><T123/><D0/><U94/><REACH who="1" step="1"/><E103/><REACH who="1" ten="374,497,159,0" step="2"/><V48/><F48/><T83/><N who="0" m="31520" /><T3/><D50/><U125/><E125/><V97/><F97/><T100/><D49/><U54/><E54/><V81/><F81/><T91/><D126/><U75/><E75/><V92/><F92/><T42/><D124/><U74/><E74/><V70/><N who="2" m="17408" /><DORA hai="131" /><V89/><F89/><T101/><D91/><U47/><E47/><V122/><N who="2" m="31264" /><V93/><F93/><T60/><D90/><U102/><E102/><V116/><F116/><T132/><D101/><U66/><E66/><V36/><F36/><T53/><D100/><U107/><E107/><V85/><F85/><RYUUKYOKU ba="2,2" sc="374,-20,497,10,159,10,0,0" hai1="55,58,59,61,62,63,64,65,76,82,84,94,95" hai2="32,35,38,40,41,44,46,51,56,67" /><INIT seed="5,3,2,3,5,68" ten="354,507,169,0" oya="1" hai0="109,56,101,123,88,121,2,132,84,75,122,67,59" hai1="43,115,96,39,0,114,82,48,126,77,116,64,108" hai2="33,86,117,54,74,62,106,111,42,128,103,78,60" hai3=""/><U93/><E116/><V95/><F111/><T55/><N who="0" m="31008" /><T63/><N who="0" m="31264" /><T40/><N who="0" m="31520" /><T41/><D109/><U107/><E0/><V91/><F117/><T94/><D132/><U49/><E107/><V127/><F33/><T65/><D75/><U1/><E64/><N who="0" m="24649" /><D2/><U47/><E126/><V112/><F127/><T83/><D59/><U58/><E108/><V57/><F128/><T34/><D34/><U32/><E1/><V35/><F42/><N who="0" m="16490" /><D101/><U135/><E135/><V119/><F35/><T133/><D133/><U71/><E71/><V80/><F119/><T51/><D83/><U37/><E32/><V36/><F112/><T72/><D72/><U44/><E58/><V81/><F36/><T66/><N who="0" m="24657" /><T99/><DORA hai="69" /><D99/><U46/><E115/><V124/><F124/><T38/><D38/><U113/><E114/><V97/><REACH who="2" step="1"/><F81/><REACH who="2" ten="354,507,159,0" step="2"/><T125/><D125/><U120/><N who="1" m="30752" /><U45/><E113/><V3/><F3/><T129/><D129/><U87/><REACH who="1" step="1"/><E37/><REACH who="1" ten="354,497,159,0" step="2"/><V76/><F76/><T85/><D63/><AGARI ba="3,4" hai="54,57,60,62,63,74,78,80,86,91,95,97,103,106" machi="63" ten="30,12000,2" yaku="1,1,7,1,24,2,53,2" doraHai="68,69" doraHaiUra="53,104" who="2" fromWho="0" sc="354,-126,497,0,159,166,0,0" /><INIT seed="6,0,0,2,5,111" ten="228,497,325,0" oya="2" hai0="87,85,40,72,44,99,59,32,123,58,115,55,101" hai1="90,73,2,104,70,126,119,43,132,67,133,107,76" hai2="56,77,86,50,108,110,66,100,62,128,0,80,54" hai3=""/><V45/><F0/><T130/><N who="0" m="31520" /><T82/><D32/><U63/><E2/><V117/><F117/><T46/><D130/><U60/><E119/><V102/><REACH who="2" step="1"/><F128/><REACH who="2" ten="228,497,315,0" step="2"/><T88/><D72/><U61/><E133/><V1/><F1/><T109/><D109/><AGARI ba="0,1" hai="45,50,54,56,62,66,77,80,86,100,102,108,109,110" machi="109" ten="40,7700,0" yaku="1,1,10,1,53,1" doraHai="111" doraHaiUra="41" who="2" fromWho="0" sc="228,-77,497,0,315,87,0,0" /><INIT seed="6,1,0,4,0,123" ten="151,497,402,0" oya="2" hai0="69,77,83,40,44,66,93,58,115,104,67,131,116" hai1="98,36,117,129,99,62,32,1,64,56,50,38,110" hai2="90,132,43,102,101,80,2,88,92,35,45,70,47" hai3=""/><V33/><F2/><T52/><D104/><U125/><E110/><V42/><F70/><T124/><D116/><U108/><E32/><V112/><F80/><T85/><D124/><U87/><E108/><V96/><F112/><T86/><D115/><U107/><E125/><V61/><F61/><T118/><D131/><U41/><E129/><V57/><F57/><T82/><D118/><U114/><E114/><V84/><F132/><T134/><D93/><U63/><E63/><V91/><F102/><T79/><D134/><U73/><E73/><V0/><F84/><T119/><D69/><U37/><E87/><V75/><F75/><T113/><D113/><U135/><E135/><V65/><F65/><T126/><D126/><U39/><E1/><V109/><F109/><T53/><D119/><U54/><E117/><V130/><F0/><T100/><D100/><U68/><E107/><V78/><F78/><T34/><D34/><N who="2" m="12810" /><F130/><T59/><REACH who="0" step="1"/><D44/><AGARI ba="1,0" hai="36,37,38,39,41,44,50,54,56,62,64,68,98,99" machi="44" ten="40,2600,0" yaku="24,2" doraHai="123" who="1" fromWho="0" sc="151,-28,497,28,402,0,0,0" owari="123,-47.7,525,47.5,402,0.2,0,0.0" /></mjloggm>