<mjloggm ver="2.3"><GO type="169" lobby="0"/><UN n0="%E5%B1%B1%E6%9C%AC%E6%83%A3%E4%B8%80%E6%9C%97" n1="%E3%81%BE%E3%81%93%E3%81%9F%E3%82%8D%E3%81%99" n2="%56%45%54%54%45%4C" n3="%52%65%64%62%75%6C%6C" dan="17,16,17,17" rate="2197.04,2175.44,2196.21,2175.77" sx="M,M,M,F"/><TAIKYOKU oya="0"/><INIT seed="0,0,0,4,1,2" ten="250,250,250,250" oya="0" hai0="132,22,60,112,130,44,45,50,56,87,20,66,94" hai1="120,15,131,61,129,82,123,4,65,92,95,127,97" hai2="1,59,39,100,41,23,12,26,9,32,80,109,72" hai3="111,70,67,107,84,86,126,135,117,114,29,119,79"/><T90/><D112/><U0/><E0/><V3/><F109/><W31/><G111/><T36/><D130/><N who="1" m="49675" /><E82/><V13/><F100/><W113/><G67/><T71/><D132/><U74/><E74/><V118/><F118/><W40/><G40/><T24/><D45/><U106/><E106/><V43/><F32/><W116/><G70/><T34/><D34/><U51/><E51/><V125/><F125/><W49/><G49/><T27/><D27/><U11/><E127/><V57/><F39/><W134/><G126/><T58/><D36/><U54/><E54/><V115/><F115/><N who="3" m="44043" /><G79/><T128/><D22/><U121/><E97/><V93/><F23/><W105/><G86/><T35/><D35/><U108/><E108/><V52/><F1/><W19/><G19/><T77/><D77/><U47/><E47/><V73/><F3/><W33/><G84/><T76/><D76/><U83/><E83/><V124/><F124/><W101/><G101/><T122/><D122/><N who="1" m="31235" /><U75/><DORA hai="48" /><E75/><V17/><F73/><W63/><G63/><T28/><REACH who="0" step="1"/><D128/><REACH who="0" ten="240,250,250,250" step="2"/><U68/><AGARI ba="0,1" hai="4,11,15,61,65,68,92,95" m="31235,49675" machi="68" ten="50,3200,0" yaku="19,1,52,1" doraHai="2,48" who="1" fromWho="1" sc="240,-16,250,42,250,-8,250,-8" /><INIT seed="1,0,0,3,0,36" ten="224,292,242,242" oya="1" hai0="22,10,87,41,18,53,7,91,52,85,127,50,116" hai1="82,24,0,6,15,69,80,16,130,25,39,115,48" hai2="75,57,90,111,110,104,66,72,97,117,132,119,101" hai3="133,135,113,112,109,79,64,38,33,32,40,37,62"/><U124/><E39/><V77/><F66/><W74/><G74/><N who="2" m="28201" /><F57/><W98/><G98/><T19/><D116/><N who="2" m="44618" /><F77/><W61/><G79/><T68/><D127/><U120/><E69/><V8/><F8/><W42/><REACH who="3" step="1"/><G64/><REACH who="3" ten="224,292,242,232" step="2"/><T89/><D68/><U118/><E124/><V56/><F56/><W26/><G26/><T59/><D85/><U92/><E24/><V123/><F123/><W4/><G4/><T58/><D87/><U34/><E25/><V88/><F132/><W29/><G29/><T96/><D96/><U21/><E6/><V51/><F51/><W102/><G102/><T70/><D70/><U128/><E48/><V103/><F103/><W84/><G84/><T12/><D19/><U55/><E118/><V43/><F43/><W106/><G106/><T60/><REACH who="0" step="1"/><D41/><REACH who="0" ten="214,292,242,232" step="2"/><U45/><E120/><V71/><F71/><W93/><G93/><T100/><D100/><U31/><E92/><V2/><F2/><AGARI ba="0,2" hai="2,7,10,12,18,22,50,52,53,58,59,60,89,91" machi="2" ten="30,7700,0" yaku="1,1,7,1,54,1,53,1" doraHai="36" doraHaiUra="14" who="0" fromWho="2" sc="214,97,292,0,242,-77,232,0" /><INIT seed="2,0,0,1,5,105" ten="311,292,165,232" oya="2" hai0="28,133,111,52,25,122,100,117,90,116,98,2,75" hai1="61,97,65,95,110,34,76,78,94,103,131,115,27" hai2="14,92,15,12,9,73,127,123,108,81,24,64,83" hai3="46,41,88,124,113,120,66,121,43,80,112,114,135"/><V0/><F123/><W37/><G135/><T62/><D122/><U79/><E115/><V32/><F127/><W67/><G124/><T17/><D2/><U18/><E131/><V10/><F64/><W63/><G43/><T7/><D7/><U126/><E126/><V96/><F108/><W1/><G1/><T109/><D133/><U130/><E130/><V93/><F0/><W69/><REACH who="3" step="1"/><G67/><REACH who="3" ten="311,292,165,222" step="2"/><T40/><D40/><U31/><E110/><V118/><F118/><W57/><G57/><T39/><D117/><U87/><E18/><V59/><F59/><W22/><G22/><T102/><D17/><U23/><E34/><V132/><F132/><W56/><G56/><T85/><D116/><U48/><E65/><V16/><F32/><W20/><G20/><T21/><D21/><U86/><E61/><V106/><F24/><W13/><G13/><T50/><D25/><U8/><E8/><V6/><F15/><W134/><G134/><T53/><D111/><U33/><E33/><V128/><F128/><W82/><G82/><T107/><D109/><U72/><E48/><V60/><F60/><W89/><G89/><T101/><D50/><U29/><E23/><V55/><F55/><W77/><G77/><T119/><D52/><U36/><E27/><V99/><F83/><W30/><G30/><T58/><D53/><U44/><E31/><V68/><F68/><W84/><AGARI ba="0,1" hai="37,41,46,63,66,69,80,84,88,112,113,114,120,121" machi="84" ten="40,8000,1" yaku="1,1,0,1,11,1,54,1,53,0" doraHai="105" doraHaiUra="19" who="3" fromWho="3" sc="311,-20,292,-20,165,-40,222,90" /><INIT seed="3,0,0,0,5,91" ten="291,272,125,312" oya="3" hai0="21,56,50,89,121,4,135,52,126,93,18,29,74" hai1="82,65,28,58,39,119,130,48,87,23,79,134,6" hai2="104,49,17,115,95,62,7,20,63,132,70,101,106" hai3="90,5,24,102,123,2,44,66,45,47,109,105,77"/><W53/><G123/><T60/><D121/><U112/><E39/><V71/><F115/><W68/><G109/><T122/><D122/><U38/><E38/><V40/><F132/><W3/><G77/><T32/><D126/><U64/><E112/><V33/><F33/><W103/><G68/><T27/><D135/><U51/><E119/><V97/><F7/><W78/><G78/><T46/><D74/><U108/><E108/><V36/><F36/><W26/><G66/><T55/><D4/><U0/><E134/><V67/><F70/><W80/><G53/><T54/><D54/><U111/><E130/><V30/><F30/><W98/><G5/><T59/><D46/><U124/><E124/><V85/><F85/><W35/><G35/><T8/><D8/><U113/><E113/><V81/><F81/><W10/><G10/><T118/><D118/><U11/><E111/><V69/><F63/><W19/><G19/><T16/><D32/><U34/><E34/><V13/><REACH who="2" step="1"/><F71/><REACH who="2" ten="291,272,115,312" step="2"/><W57/><G80/><T41/><D41/><U117/><E117/><V120/><F120/><W88/><G2/><T127/><D127/><U125/><E125/><V37/><F37/><W92/><G3/><T22/><D22/><U14/><E0/><V99/><F99/><AGARI ba="0,1" hai="16,18,21,27,29,50,52,55,56,59,60,89,93,99" machi="99" ten="30,8000,1" yaku="7,1,8,1,52,1,54,2" doraHai="91" who="0" fromWho="2" sc="291,90,272,0,115,-80,312,0" /><INIT seed="4,0,0,2,0,94" ten="381,272,35,312" oya="0" hai0="18,65,44,13,34,31,110,88,29,3,28,93,123" hai1="108,0,100,43,99,26,51,120,69,67,126,11,76" hai2="14,59,113,56,68,36,70,109,50,58,15,112,97" hai3="121,1,85,86,115,30,52,90,79,130,48,105,135"/><T107/><D123/><U5/><E108/><V27/><F109/><W125/><G1/><T64/><D110/><U54/><E126/><V63/><F36/><W22/><G125/><T127/><D107/><U75/><E43/><V20/><F50/><W17/><G115/><N who="2" m="44105" /><F63/><W32/><G32/><T111/><D111/><U9/><E120/><V45/><F45/><W134/><G30/><T73/><D3/><U82/><E26/><V128/><F128/><W47/><G130/><T87/><D34/><U80/><E11/><V66/><F66/><W19/><G105/><T129/><D73/><U24/><E24/><V60/><F60/><W95/><G121/><T46/><D129/><U4/><E4/><V81/><F81/><N who="3" m="47295" /><G22/><N who="0" m="11599" /><D127/><U16/><E80/><V78/><F78/><W98/><G86/><T57/><D57/><N who="2" m="14594" /><V7/><DORA hai="38" /><F7/><W2/><G2/><T40/><D40/><U53/><E51/><V33/><F33/><W23/><G23/><T122/><D122/><U42/><E42/><V25/><F27/><W118/><G118/><T89/><D89/><U92/><REACH who="1" step="1"/><E16/><REACH who="1" ten="381,262,35,312" step="2"/><N who="2" m="12423" /><F97/><W49/><G49/><T10/><D10/><U35/><E35/><V114/><N who="2" m="44113" /><V116/><DORA hai="62" /><F116/><W119/><G119/><T55/><D44/><U61/><AGARI ba="0,1" hai="0,5,9,53,54,61,67,69,75,76,82,92,99,100" machi="61" ten="30,12000,2" yaku="1,1,0,1,52,2,53,3" doraHai="94,38,62" doraHaiUra="106,74,91" who="1" fromWho="1" sc="381,-60,262,130,35,-30,312,-30" /><INIT seed="5,0,0,0,4,134" ten="321,392,5,282" oya="1" hai0="21,124,11,135,113,133,31,6,86,48,19,108,73" hai1="91,33,22,60,36,110,8,72,88,53,69,25,96" hai2="92,118,62,55,105,34,71,57,54,32,114,122,94" hai3="41,132,87,131,50,35,27,14,63,125,129,112,0"/><U4/><E36/><V46/><F46/><BYE who="2" /><W85/><G0/><UN n2="%56%45%54%54%45%4C" /><T2/><D73/><U38/><E38/><V39/><F39/><W66/><BYE who="2" /><G35/><T45/><D108/><UN n2="%56%45%54%54%45%4C" /><U3/><BYE who="2" /><E33/><V74/><F74/><W117/><G27/><UN n2="%56%45%54%54%45%4C" /><T84/><D113/><U58/><E69/><V43/><F43/><W29/><BYE who="2" /><G29/><T109/><D109/><U30/><E72/><V40/><F40/><W47/><G112/><T75/><D75/><U17/><E110/><V1/><F1/><W5/><G132/><N who="0" m="50763" /><D31/><U82/><E82/><V93/><F93/><W104/><G104/><T78/><D78/><U102/><E17/><V99/><F99/><W95/><G117/><T90/><D90/><U16/><E30/><V26/><F26/><W111/><G111/><T10/><D10/><U106/><AGARI ba="0,0" hai="3,4,8,16,22,25,53,58,60,88,91,96,102,106" machi="106" ten="20,7800,0" yaku="0,1,7,1,54,2" doraHai="134" who="1" fromWho="1" sc="321,-26,392,78,5,-26,282,-26" owari="295,9.5,470,57.0,-21,-52.1,256,-14.4" /></mjloggm>