<mjloggm ver="2.3"><GO type="169" lobby="0"/><UN n0="%E3%83%A2%E3%82%A4%E3%83%92%E3%83%A3%E3%83%B3" n1="%E5%BE%A1%E5%BD%B1%E3%82%86%E3%81%9A%E3%81%8D" n2="%E5%8F%A4%E6%96%AF%E5%A1%94%E5%A4%AB%E4%BA%8C%E4%B8%96" n3="%69%71%31%38%30%E7%9C%9F%E5%89%A3%E6%A7%98" dan="16,17,16,17" rate="2109.50,2212.22,2174.88,2220.70" sx="M,M,M,M"/><TAIKYOKU oya="0"/><INIT seed="0,0,0,5,0,67" ten="250,250,250,250" oya="0" hai0="88,50,38,61,109,92,111,12,19,112,119,33,115" hai1="13,102,105,83,37,27,78,84,131,9,18,126,15" hai2="134,10,41,128,58,118,117,56,2,11,129,26,32" hai3="22,87,69,77,48,95,74,89,36,133,1,4,123"/><T82/><D38/><U44/><E131/><N who="2" m="50251" /><F41/><W86/><G36/><T125/><D119/><N who="2" m="45578" /><F56/><W8/><G133/><T0/><D0/><U71/><E126/><V21/><F58/><W20/><G123/><T72/><D33/><U116/><E116/><V70/><F70/><W100/><G100/><T91/><D125/><U24/><E71/><V59/><F59/><W97/><G48/><T110/><D61/><U53/><E105/><V60/><F60/><W29/><G69/><T94/><D50/><N who="1" m="28871" /><E37/><V127/><F127/><W108/><G108/><T47/><D47/><U30/><E102/><V122/><F122/><W80/><G29/><T17/><D82/><U55/><E30/><N who="2" m="19543" /><F134/><W42/><G42/><T75/><D111/><U124/><E124/><V23/><F10/><W73/><G73/><T93/><D93/><U43/><E43/><V66/><F66/><W31/><G31/><T68/><D68/><U107/><E107/><V76/><F76/><W35/><G35/><T135/><REACH who="0" step="1"/><D12/><REACH who="0" ten="240,250,250,250" step="2"/><U113/><E113/><V64/><F64/><W25/><G25/><N who="1" m="9802" /><E15/><V114/><F114/><W52/><G52/><AGARI ba="0,1" hai="9,13,18,52,55,78,83,84" m="9802,28871" machi="52" ten="30,2000,0" yaku="8,1,54,1" doraHai="67" who="1" fromWho="3" sc="240,0,250,30,250,0,250,-20" /><INIT seed="1,0,0,0,3,83" ten="240,280,250,230" oya="1" hai0="80,100,114,97,28,57,31,46,64,127,10,56,90" hai1="72,109,71,101,84,29,62,93,54,74,19,53,55" hai2="126,42,73,17,25,128,118,120,47,121,132,63,45" hai3="78,134,48,103,89,124,9,22,98,30,69,20,3"/><U86/><E29/><V129/><F73/><W36/><G36/><T77/><D114/><U116/><E116/><V131/><F25/><W106/><G124/><T94/><D127/><U33/><E33/><V7/><F7/><W60/><G134/><T111/><D111/><U50/><E109/><V6/><F6/><W87/><G3/><T133/><D133/><U26/><E72/><V12/><F126/><W2/><G2/><T43/><D10/><U51/><E74/><V37/><F118/><W88/><G9/><T110/><D110/><U107/><E107/><V21/><F132/><W76/><G48/><N who="1" m="18474" /><E71/><V8/><F8/><W112/><G112/><T104/><D77/><U123/><E62/><V27/><F27/><W13/><G89/><T14/><D80/><U96/><E123/><V68/><REACH who="2" step="1"/><F45/><REACH who="2" ten="240,280,240,230" step="2"/><W92/><G30/><T59/><D14/><U102/><E102/><V75/><F75/><W119/><G119/><T15/><D15/><U44/><E44/><V5/><F5/><W52/><G22/><AGARI ba="0,1" hai="19,22,26,53,54,55,84,86,93,96,101" m="18474" machi="22" ten="30,5800,0" yaku="8,1,52,2" doraHai="83" who="1" fromWho="3" sc="240,0,280,68,240,0,230,-58" /><INIT seed="1,1,0,4,5,129" ten="240,348,240,172" oya="1" hai0="63,132,124,108,11,43,44,26,75,126,33,123,21" hai1="10,110,130,67,106,101,15,20,19,35,49,78,131" hai2="96,16,4,45,111,90,7,47,109,94,14,29,8" hai3="88,32,52,77,59,31,17,56,93,80,92,72,53"/><U71/><E35/><V120/><F120/><W13/><G93/><T91/><D75/><U83/><E110/><N who="2" m="41995" /><F29/><W24/><G59/><T128/><D108/><U117/><E117/><V134/><F134/><W6/><G6/><AGARI ba="1,0" hai="4,6,7,8,14,16,45,47,90,94,96" m="41995" machi="6" ten="30,2000,0" yaku="14,1,54,1" doraHai="129" who="2" fromWho="3" sc="240,0,348,0,240,23,172,-23" /><INIT seed="2,0,0,3,0,73" ten="240,348,263,149" oya="2" hai0="108,13,122,84,42,134,35,22,77,31,66,58,99" hai1="47,17,61,2,21,106,113,5,57,12,102,60,74" hai2="30,27,80,97,48,49,90,67,62,16,38,82,54" hai3="20,18,109,26,116,132,52,39,44,51,89,33,41"/><V46/><F38/><W9/><G109/><T24/><D122/><U78/><E113/><V120/><F120/><W65/><G132/><T127/><D108/><U83/><E106/><V98/><F49/><W43/><G116/><T126/><D134/><U37/><E102/><V76/><F82/><W0/><G33/><T93/><D42/><N who="1" m="22991" /><E57/><V28/><F90/><W8/><G65/><T133/><D133/><U79/><E79/><V105/><F105/><W88/><G43/><T128/><D128/><U86/><E86/><V15/><F98/><W59/><REACH who="3" step="1"/><G9/><AGARI ba="0,0" hai="2,5,9,12,17,21,60,61,74,78,83" m="22991" machi="9" ten="30,2000,0" yaku="25,1,52,1" doraHai="73" who="1" fromWho="3" sc="240,0,348,20,263,0,149,-20" /><INIT seed="3,0,0,2,4,54" ten="240,368,263,129" oya="3" hai0="107,82,90,111,85,50,126,113,11,14,62,22,89" hai1="13,7,74,34,124,130,29,53,94,86,44,12,78" hai2="4,105,56,9,65,33,92,91,55,135,59,27,5" hai3="37,57,83,23,134,70,123,119,127,76,64,87,0"/><W88/><G123/><T72/><D111/><U121/><E74/><V18/><F105/><W35/><G119/><T95/><D107/><U68/><E68/><V132/><F65/><W67/><G35/><T79/><D126/><U8/><E34/><V17/><F55/><W38/><G70/><T93/><D113/><U71/><E29/><N who="2" m="19647" /><F17/><W69/><G69/><T45/><D22/><U25/><E25/><V102/><F18/><W97/><G0/><T118/><D118/><U32/><E32/><V133/><F102/><W103/><G134/><N who="2" m="34305" /><V112/><DORA hai="84" /><F112/><W49/><G127/><T3/><D3/><U10/><E71/><V48/><F48/><W26/><G76/><T98/><D62/><U2/><E78/><V122/><F122/><W43/><G38/><T81/><D82/><U61/><E61/><V114/><F114/><W6/><G6/><N who="2" m="2665" /><F9/><W16/><G37/><T96/><D11/><U24/><E10/><V75/><F75/><W131/><G131/><T100/><D72/><U41/><E130/><V106/><F106/><W101/><G101/><N who="0" m="60559" /><D14/><U109/><E13/><V77/><F77/><W46/><REACH who="3" step="1"/><G57/><REACH who="3" ten="240,368,263,119" step="2"/><T129/><D129/><U115/><E121/><V39/><F39/><W19/><G19/><T60/><D60/><U116/><E124/><V21/><F21/><W30/><G30/><T99/><D99/><AGARI ba="0,1" hai="56,59,91,92,99" m="2665,34305,19647" machi="99" ten="40,8000,1" yaku="20,1,52,3" doraHai="54,84" who="2" fromWho="0" sc="240,-80,368,0,263,90,119,0" /><INIT seed="4,0,0,5,5,131" ten="160,368,353,119" oya="0" hai0="45,35,20,66,44,2,59,124,51,96,27,65,38" hai1="80,125,25,73,104,74,90,54,119,95,33,128,93" hai2="69,28,10,88,94,111,77,103,26,18,61,36,116" hai3="130,17,126,46,62,37,84,101,9,40,100,106,19"/><T81/><D2/><U5/><E104/><V113/><F111/><W3/><G130/><T64/><D35/><U108/><E5/><V21/><F36/><W43/><G126/><T72/><D124/><U22/><E33/><V16/><F116/><W112/><G112/><T83/><D38/><U57/><E108/><V23/><F113/><W34/><G34/><T89/><D72/><U117/><E125/><V129/><F129/><W78/><G43/><T87/><D83/><U42/><E95/><V132/><F77/><W102/><G106/><T32/><D32/><U121/><E42/><V91/><F10/><W55/><G78/><T52/><REACH who="0" step="1"/><D96/><REACH who="0" ten="150,368,353,119" step="2"/><N who="1" m="57399" /><E128/><V41/><F41/><W97/><G97/><T85/><D85/><U7/><E117/><V120/><F120/><W70/><G84/><T99/><D99/><U47/><E121/><V79/><F79/><W31/><G31/><AGARI ba="0,1" hai="20,27,31,44,45,51,52,59,64,65,66,81,87,89" machi="31" ten="40,12000,1" yaku="1,1,8,1,54,1,53,1" doraHai="131" doraHaiUra="53" who="0" fromWho="3" sc="150,130,368,0,353,0,119,-120" owari="280,-12.0,368,46.8,353,15.3,-1,-50.1" /></mjloggm>