<mjloggm ver="2.3"><GO type="169" lobby="0"/><UN n0="%41%6D%69%63%68%61%6E" n1="%38%38%32%33%34%36%37" n2="%E3%83%97%E3%83%AC%E3%82%B9%E3%83%97" n3="%E3%81%8C%E3%81%9F" dan="16,16,17,16" rate="2126.30,2091.34,2163.19,2138.82" sx="F,M,M,F"/><TAIKYOKU oya="0"/><INIT seed="0,0,0,5,5,0" ten="250,250,250,250" oya="0" hai0="30,96,77,131,121,18,19,12,110,101,94,98,40" hai1="100,97,123,76,59,31,122,15,10,3,54,93,56" hai2="29,6,72,24,104,80,102,39,129,103,33,65,91" hai3="84,87,127,73,42,133,89,114,75,79,52,28,35"/><T113/><D121/><U1/><E76/><V117/><F129/><W5/><G114/><T130/><D30/><U71/><E71/><V111/><F111/><W58/><G127/><T49/><D113/><U99/><E31/><V78/><F117/><W70/><G70/><T45/><D77/><U119/><E119/><V38/><F65/><W86/><G133/><T124/><D110/><U61/><E3/><V27/><F91/><W108/><G108/><T83/><D83/><U34/><E34/><V74/><F27/><W64/><G64/><T63/><D63/><U16/><E1/><V132/><F132/><W36/><G79/><T13/><D124/><U2/><E2/><V85/><F102/><W20/><G35/><T82/><D82/><U92/><REACH who="1" step="1"/><E59/><REACH who="1" ten="250,240,250,250" step="2"/><V37/><F72/><W107/><G73/><T125/><D125/><U25/><E25/><V120/><F74/><W116/><G75/><T68/><D68/><U4/><E4/><V128/><F120/><W9/><G116/><T53/><D131/><U43/><E43/><V48/><F128/><W14/><G42/><T95/><D130/><U134/><E134/><V106/><F6/><W126/><G126/><T115/><D115/><U46/><E46/><V17/><F33/><W7/><G7/><T8/><D40/><U118/><E118/><V41/><F29/><W90/><G28/><T67/><D45/><U112/><E112/><V55/><F41/><W135/><G135/><T105/><D13/><U32/><E32/><V47/><F103/><AGARI ba="0,1" hai="10,15,16,54,56,61,92,93,97,99,100,103,122,123" machi="103" ten="30,7700,0" yaku="1,1,7,1,9,1,54,1,53,0" doraHai="0" doraHaiUra="60" who="1" fromWho="2" sc="250,0,240,87,250,-77,250,0" /><INIT seed="1,0,0,1,2,39" ten="250,327,173,250" oya="1" hai0="71,93,60,47,82,84,45,96,44,6,131,3,43" hai1="72,122,10,110,49,23,0,88,33,11,87,18,34" hai2="1,15,124,113,129,13,104,54,12,91,29,130,134" hai3="16,80,95,115,89,20,94,55,4,103,128,118,46"/><U61/><E72/><V73/><F104/><W19/><G115/><T135/><D135/><U79/><E122/><V68/><F73/><W76/><G128/><N who="2" m="49257" /><F68/><W78/><G118/><T126/><D131/><U9/><E0/><V66/><F66/><W125/><G125/><T21/><D126/><U41/><E110/><V51/><F124/><W86/><G4/><T112/><D112/><U42/><E79/><N who="3" m="30250" /><G103/><T28/><D6/><U77/><E77/><V25/><F1/><W7/><G7/><T30/><D3/><U48/><E61/><V14/><N who="2" m="3072" /><DORA hai="38" /><V26/><F113/><W108/><G108/><T119/><D119/><U63/><E63/><V22/><F26/><N who="3" m="14599" /><G19/><T70/><D60/><U85/><E85/><V106/><F106/><W50/><AGARI ba="0,0" hai="46,50,55,80,86,89,94,95" m="14599,30250" machi="50" ten="30,2000,0" yaku="8,1,54,1" doraHai="39,38" who="3" fromWho="3" sc="250,-5,327,-10,173,-5,250,20" /><INIT seed="2,0,0,3,2,112" ten="245,317,168,270" oya="2" hai0="71,117,28,105,35,130,30,19,86,97,9,51,111" hai1="110,7,34,49,73,98,20,67,92,10,15,4,109" hai2="126,18,62,95,131,103,45,133,104,58,56,134,50" hai3="23,96,29,106,25,68,41,90,129,3,102,121,79"/><V8/><F104/><W61/><G121/><T70/><D130/><U40/><E34/><V78/><F131/><W55/><G129/><T6/><D19/><U13/><E73/><V43/><F126/><W48/><G3/><T107/><D86/><U47/><E67/><V12/><F78/><W124/><G124/><T26/><D30/><U54/><E20/><V122/><F122/><W83/><G90/><T101/><D107/><U44/><E15/><V63/><F103/><W57/><G41/><T84/><D84/><U1/><E1/><V99/><F63/><W77/><G77/><T113/><D113/><U16/><E110/><V52/><REACH who="2" step="1"/><F58/><REACH who="2" ten="245,317,158,270" step="2"/><W36/><G61/><T69/><D111/><U128/><E128/><V2/><F2/><W65/><G68/><T123/><D123/><U91/><REACH who="1" step="1"/><E109/><REACH who="1" ten="245,307,158,270" step="2"/><V39/><F39/><AGARI ba="0,2" hai="4,7,10,13,16,39,40,44,47,49,54,91,92,98" machi="39" ten="30,8000,1" yaku="1,1,2,1,7,1,54,1,53,1" doraHai="112" doraHaiUra="14" who="1" fromWho="2" sc="245,0,307,100,158,-80,270,0" /><INIT seed="3,0,0,1,0,45" ten="245,407,78,270" oya="3" hai0="47,102,87,62,15,131,103,105,61,122,50,59,73" hai1="77,101,130,2,17,39,11,31,106,72,117,9,79" hai2="124,43,41,110,22,57,19,51,121,120,109,92,60" hai3="135,34,53,127,37,24,68,27,30,107,111,7,129"/><W44/><G107/><T66/><D73/><U104/><E130/><V116/><F92/><W74/><G74/><T63/><D131/><U90/><E39/><V38/><F22/><W3/><G129/><T99/><D122/><N who="2" m="47210" /><F19/><W100/><G100/><T55/><D103/><U32/><E17/><V132/><F116/><W52/><G68/><T88/><REACH who="0" step="1"/><D15/><REACH who="0" ten="235,407,78,270" step="2"/><U16/><E101/><V48/><F124/><W95/><G127/><T86/><D86/><U65/><E72/><V89/><F132/><W94/><G135/><T85/><D85/><U28/><E117/><V40/><F38/><W35/><G37/><T12/><D12/><U98/><E2/><V134/><F134/><W26/><G3/><T0/><D0/><U97/><E98/><V91/><F91/><W108/><G108/><N who="2" m="41577" /><F89/><W82/><G111/><T25/><D25/><U21/><E90/><V20/><F20/><W115/><G27/><T118/><D118/><U49/><E21/><V128/><F128/><W14/><G26/><T125/><D125/><U58/><E97/><V71/><F71/><W29/><G24/><T80/><AGARI ba="0,1" hai="47,50,55,59,61,62,63,66,80,87,88,99,102,105" machi="80" ten="20,8000,1" yaku="1,1,0,1,7,1,52,1,54,1,53,0" doraHai="45" doraHaiUra="126" who="0" fromWho="0" sc="235,90,407,-20,78,-20,270,-40" /><INIT seed="4,0,0,5,1,32" ten="325,387,58,230" oya="0" hai0="34,5,133,63,120,39,77,35,23,33,99,10,6" hai1="84,128,64,103,132,88,29,131,93,66,3,119,18" hai2="79,116,13,26,15,11,80,42,12,68,1,122,48" hai3="102,134,126,109,2,38,89,101,59,58,47,73,117"/><T52/><D120/><U98/><E119/><V81/><F122/><W75/><G109/><T19/><D39/><U90/><E132/><V82/><F68/><W21/><G117/><T7/><D77/><U104/><E29/><V114/><F116/><W17/><G134/><T106/><D133/><U74/><E74/><V86/><F114/><W121/><G121/><T25/><D99/><U65/><E3/><V83/><F26/><W28/><G28/><T62/><D106/><U135/><E135/><V110/><F110/><W60/><G126/><T36/><D36/><U111/><E111/><V4/><REACH who="2" step="1"/><F1/><REACH who="2" ten="325,387,48,230" step="2"/><W27/><G2/><T108/><D108/><U129/><E90/><V70/><F70/><W16/><G27/><T92/><D25/><U87/><E18/><V54/><F54/><W41/><G89/><T100/><D52/><U55/><E55/><V61/><F61/><W49/><G17/><T118/><D63/><U53/><E53/><V130/><F130/><W72/><G60/><T20/><D62/><U96/><AGARI ba="0,1" hai="64,65,66,84,87,88,93,96,98,103,104,128,129,131" machi="96" ten="40,5200,0" yaku="0,1,19,1,54,1" doraHai="32" who="1" fromWho="1" sc="325,-26,387,62,48,-13,230,-13" /><INIT seed="5,0,0,5,5,5" ten="299,449,35,217" oya="1" hai0="81,97,34,76,49,3,25,26,75,13,62,130,31" hai1="89,57,16,24,35,15,22,83,72,104,87,18,129" hai2="63,36,48,28,100,73,23,50,115,111,45,90,84" hai3="125,114,52,21,71,20,42,135,59,85,66,65,60"/><U64/><E104/><V55/><F111/><W105/><G105/><T51/><D130/><U78/><E129/><V133/><F73/><W127/><G114/><T70/><D3/><U110/><E110/><V7/><F133/><W6/><G135/><T37/><D37/><U116/><E116/><V54/><F115/><W30/><G42/><T27/><D97/><U95/><E35/><V58/><F36/><W61/><G30/><T33/><D13/><U39/><E39/><V10/><F100/><W68/><G85/><T80/><D80/><U96/><E72/><V106/><F106/><W102/><G102/><T94/><D94/><U11/><E57/><V113/><F113/><W1/><G20/><T19/><D19/><N who="1" m="8703" /><E64/><V86/><F63/><W32/><G21/><T134/><D134/><U120/><E120/><V99/><F99/><W29/><G29/><AGARI ba="0,0" hai="16,18,22,24,29,78,83,87,89,95,96" m="8703" machi="29" ten="30,5800,0" yaku="8,1,52,1,54,1" doraHai="5" who="1" fromWho="3" sc="299,0,449,58,35,0,217,-58" /><INIT seed="5,1,0,2,2,114" ten="299,507,35,159" oya="1" hai0="85,54,55,60,56,76,75,40,93,88,36,43,26" hai1="48,13,32,69,21,122,86,105,128,120,83,62,64" hai2="45,87,10,9,84,130,132,94,103,58,7,135,35" hai3="134,41,37,107,112,74,95,11,121,25,126,23,70"/><U52/><E32/><V117/><F35/><W96/><G121/><T4/><D4/><U123/><E105/><V77/><F130/><W49/><G37/><T108/><D108/><U1/><E1/><V133/><F58/><W68/><G107/><T6/><D6/><U104/><E104/><V97/><F45/><W2/><G74/><T66/><D26/><U80/><E128/><V78/><F10/><W50/><G112/><T127/><D127/><U0/><E0/><V22/><F22/><W33/><G33/><T19/><D19/><U119/><E119/><V71/><F71/><W47/><G126/><T15/><D15/><U12/><E21/><V59/><F59/><W125/><G125/><T24/><D24/><U102/><E102/><V61/><F61/><W131/><G131/><T14/><D14/><U109/><E83/><N who="2" m="47215" /><F9/><W30/><G50/><T42/><REACH who="0" step="1"/><D36/><REACH who="0" ten="289,507,35,159" step="2"/><U46/><REACH who="1" step="1"/><E109/><REACH who="1" ten="289,497,35,159" step="2"/><V3/><F3/><W91/><G2/><T99/><D99/><U44/><E44/><V57/><F132/><W63/><G134/><T72/><D72/><U39/><E39/><V73/><F133/><W100/><G96/><T38/><D38/><U106/><E106/><V17/><F73/><W16/><G47/><T20/><D20/><U101/><E101/><V82/><F135/><W110/><G100/><T65/><D65/><U89/><AGARI ba="1,2" hai="12,13,46,48,52,62,64,69,80,86,89,120,122,123" machi="89" ten="30,6000,0" yaku="1,1,0,1,54,1,53,0" doraHai="114" doraHaiUra="53" who="1" fromWho="1" sc="289,-21,497,83,35,-21,159,-21" /><INIT seed="5,2,0,5,5,98" ten="268,580,14,138" oya="1" hai0="119,99,112,89,50,47,8,130,17,23,91,49,39" hai1="31,105,85,83,18,80,126,122,108,87,131,124,20" hai2="65,58,114,118,100,12,61,109,86,51,48,33,28" hai3="37,96,74,56,116,72,97,29,55,41,2,11,16"/><U76/><E122/><V13/><F109/><W121/><G121/><T57/><D119/><U110/><E131/><V88/><F118/><W94/><G116/><T54/><D130/><U107/><E31/><V43/><F114/><W123/><G123/><T15/><D112/><U46/><E46/><V60/><F33/><W62/><G29/><T68/><D68/><U132/><E132/><V90/><F28/><W6/><G96/><T95/><D39/><U45/><E45/><V35/><F35/><W67/><G41/><T44/><D57/><U26/><E107/><V7/><F43/><W92/><G37/><T128/><D128/><U5/><E5/><V120/><F120/><W125/><G125/><N who="1" m="48234" /><E105/><V102/><F7/><W113/><G113/><T1/><D1/><U9/><E9/><V101/><F61/><W25/><G67/><T79/><D79/><AGARI ba="2,0" hai="18,20,26,76,79,80,83,85,87,108,110" m="48234" machi="79" ten="30,1500,0" yaku="18,1" doraHai="98" who="1" fromWho="0" sc="268,-21,580,21,14,0,138,0" /><INIT seed="5,3,0,3,1,17" ten="247,601,14,138" oya="1" hai0="47,78,97,4,109,101,44,35,122,113,133,82,118" hai1="84,126,119,121,52,30,21,9,46,91,14,117,128" hai2="57,40,90,96,15,49,129,27,110,68,8,65,5" hai3="107,63,102,95,28,36,100,18,105,34,73,59,12"/><U75/><E75/><V69/><F110/><W127/><G73/><T37/><D109/><U72/><E72/><V55/><F129/><W134/><G36/><T60/><D118/><U51/><E121/><V33/><F40/><W23/><G134/><T39/><D122/><U88/><E128/><V92/><F65/><W83/><G127/><T7/><D35/><U50/><E126/><V31/><AGARI ba="3,0" hai="5,8,15,27,31,33,49,55,57,68,69,90,92,96" machi="31" ten="30,1100,0" yaku="0,1" doraHai="17" who="2" fromWho="2" sc="247,-6,601,-8,14,20,138,-6" /><INIT seed="6,0,0,1,0,91" ten="241,593,34,132" oya="2" hai0="109,16,32,1,13,128,41,48,21,135,46,47,3" hai1="102,25,57,55,17,5,65,131,82,67,18,92,83" hai2="79,40,107,84,30,132,134,49,7,56,80,63,10" hai3="33,98,35,105,112,45,130,125,2,85,22,118,75"/><V39/><F107/><W60/><G118/><T106/><D109/><U19/><E131/><V23/><F39/><W69/><G75/><T104/><D32/><U96/><E5/><V74/><F74/><W66/><G2/><T11/><D128/><U54/><E25/><V31/><F132/><W94/><G130/><T108/><D108/><U26/><E26/><V28/><F134/><W121/><G121/><T87/><D135/><U20/><E20/><V100/><F100/><W103/><G125/><T29/><D104/><U89/><E55/><V115/><F115/><W72/><G72/><T9/><D106/><U42/><E42/><V58/><F23/><W71/><G71/><T52/><D87/><N who="1" m="50423" /><E83/><V78/><F78/><W12/><G112/><T14/><D29/><U0/><E0/><V62/><F62/><AGARI ba="0,0" hai="17,18,19,54,57,62,65,67,92,96,102" m="50423" machi="62" ten="30,2000,0" yaku="8,1,52,1" doraHai="91" who="1" fromWho="2" sc="241,0,593,20,34,-20,132,0" /><INIT seed="7,0,0,0,2,34" ten="241,613,14,132" oya="3" hai0="105,122,98,42,57,111,85,102,63,24,4,38,88" hai1="15,128,80,7,33,25,1,18,77,37,54,110,47" hai2="103,96,21,79,51,109,22,104,126,130,46,28,90" hai3="64,97,36,39,116,73,99,50,49,53,117,75,30"/><W23/><G64/><T74/><D111/><U29/><E110/><V65/><F109/><W11/><G23/><T59/><D74/><U93/><E128/><V101/><F130/><W16/><G30/><T20/><D122/><U82/><E93/><V69/><F126/><W132/><G53/><T112/><D4/><U84/><E7/><V6/><F101/><W81/><G81/><T3/><D3/><U40/><E1/><V2/><F79/><W118/><G118/><T48/><D38/><U68/><E68/><V87/><F65/><W113/><G11/><T83/><D112/><U60/><E82/><V62/><F62/><W10/><G10/><T100/><D100/><U95/><E95/><V119/><F69/><W78/><G78/><T61/><D61/><U124/><E124/><V133/><F133/><W43/><G43/><T0/><D0/><U67/><E54/><V108/><F108/><W115/><G16/><T123/><D123/><U31/><E31/><V91/><F119/><W27/><G27/><T9/><D9/><U70/><E18/><V129/><F129/><W120/><G120/><T44/><D63/><U52/><E52/><V14/><F28/><AGARI ba="0,0" hai="20,24,28,42,44,48,57,59,83,85,88,98,102,105" machi="28" ten="30,2000,0" yaku="7,1,54,1" doraHai="34" who="0" fromWho="2" sc="241,20,613,0,14,-20,132,0" owari="261,6.1,613,71.3,-6,-50.6,132,-26.8" /></mjloggm>