<mjloggm ver="2.3"><GO type="169" lobby="0"/><UN n0="%E2%98%86%41%64%72%69%61%6E" n1="%4B%6F%74%61%38%31%36" n2="%56%45%54%54%45%4C" n3="%E5%85%A8%E9%9B%86%E4%B8%AD%E3%83%BB%E5%B8%B8%E4%B8%AD" dan="17,16,17,16" rate="2149.41,2121.66,2190.15,2093.62" sx="M,M,M,M"/><TAIKYOKU oya="0"/><INIT seed="0,0,0,0,0,113" ten="250,250,250,250" oya="0" hai0="3,130,65,134,58,74,107,46,104,78,70,42,40" hai1="52,16,66,119,73,112,55,68,106,21,50,76,8" hai2="37,7,51,111,83,4,81,69,128,124,103,0,127" hai3="102,101,87,24,79,20,34,131,26,27,19,41,61"/><T72/><D42/><U110/><E112/><V32/><F37/><W75/><G75/><N who="0" m="28715" /><D78/><U84/><E73/><V47/><F69/><W10/><G131/><T97/><D58/><U17/><E106/><N who="0" m="40489" /><D97/><U93/><E8/><V25/><F128/><W64/><G41/><T28/><D28/><U9/><E9/><V123/><F123/><W14/><G34/><T96/><D96/><U114/><E114/><V80/><F103/><W2/><G2/><T115/><D130/><U89/><E76/><V13/><F0/><W39/><G39/><N who="0" m="21791" /><D115/><U56/><E55/><V45/><F32/><W18/><G101/><T133/><D3/><U116/><E17/><V53/><F47/><W122/><G102/><T43/><D43/><U108/><E108/><V60/><F111/><W35/><G122/><T6/><D6/><U1/><E110/><V30/><F7/><W63/><G35/><T31/><D31/><U23/><E23/><V12/><F4/><W92/><G92/><T33/><D33/><U121/><E121/><V129/><F129/><W88/><G79/><T109/><D109/><U15/><E1/><V99/><F99/><W29/><G29/><T98/><D98/><U11/><E11/><V120/><F120/><W49/><G49/><T132/><D65/><U44/><E44/><V5/><F5/><W48/><G48/><T59/><D59/><U95/><E95/><V94/><F94/><N who="3" m="54559" /><G64/><T117/><D70/><U90/><E90/><V100/><F100/><W62/><AGARI ba="0,0" hai="10,14,18,19,20,24,26,27,61,62,63" m="54559" machi="62" ten="30,2000,0" yaku="8,1,54,1" doraHai="113" who="3" fromWho="3" sc="250,-10,250,-5,250,-5,250,20" /><INIT seed="1,0,0,4,0,57" ten="240,245,245,270" oya="1" hai0="93,121,77,56,130,76,3,39,72,42,33,1,41" hai1="122,2,54,45,43,24,75,37,110,108,67,113,68" hai2="118,27,131,29,94,40,46,81,82,91,61,7,89" hai3="14,50,100,78,88,133,101,23,8,80,47,18,52"/><U86/><E75/><V124/><F118/><W125/><G133/><T49/><D33/><U44/><E2/><V73/><F131/><W123/><G123/><T129/><D121/><U65/><E122/><V71/><F124/><W79/><G125/><T30/><D30/><U28/><E113/><V9/><F73/><W5/><G79/><N who="0" m="30283" /><D72/><U106/><E86/><V69/><F82/><W19/><G19/><T64/><D39/><U109/><E106/><V126/><F81/><W107/><G107/><T0/><D93/><U84/><E84/><V20/><F126/><W17/><G18/><T48/><D64/><U87/><E87/><V38/><F94/><W103/><G78/><T55/><D49/><N who="1" m="28975" /><E68/><V96/><F71/><W83/><REACH who="3" step="1"/><G88/><REACH who="3" ten="240,245,245,260" step="2"/><T127/><D127/><U22/><AGARI ba="0,1" hai="22,24,28,37,43,44,65,67,108,109,110" m="28975" machi="22" ten="30,3000,0" yaku="14,1,10,1" doraHai="57" who="1" fromWho="1" sc="240,-10,245,40,245,-10,260,-10" /><INIT seed="1,1,0,3,2,14" ten="230,285,235,250" oya="1" hai0="48,133,117,0,126,44,109,31,73,16,88,119,7" hai1="55,6,75,58,83,110,19,24,23,124,74,118,108" hai2="51,20,107,125,121,77,128,111,101,41,46,113,71" hai3="68,30,9,22,104,116,26,100,17,64,114,85,61"/><U63/><E118/><V35/><F51/><W18/><G114/><T34/><D73/><U92/><E124/><V134/><F20/><W10/><G116/><T90/><D0/><U42/><E6/><V52/><F52/><W131/><G131/><T38/><D38/><U99/><E42/><V39/><F46/><W40/><G40/><N who="0" m="24583" /><D7/><U115/><E115/><V93/><F93/><W1/><G85/><T67/><D67/><U105/><E105/><V96/><F96/><W129/><G129/><T27/><D119/><U50/><E50/><V43/><F43/><W102/><G104/><T33/><D117/><U94/><E94/><V29/><F41/><W97/><G1/><T11/><D34/><U62/><E62/><V89/><F35/><W37/><G37/><T135/><D126/><U120/><E120/><V87/><F121/><W127/><G127/><T84/><D84/><U122/><E122/><V57/><F87/><W82/><G82/><T103/><D103/><U76/><REACH who="1" step="1"/><E75/><REACH who="1" ten="230,275,235,250" step="2"/><V49/><F125/><W86/><G86/><T91/><D109/><U72/><E72/><V56/><F111/><W59/><G97/><T65/><D65/><U53/><E53/><V36/><F113/><W13/><G68/><T21/><D135/><U112/><E112/><V70/><F71/><W130/><G130/><T98/><D133/><U60/><E60/><V32/><F70/><W47/><G47/><T4/><D4/><U3/><E3/><V15/><F134/><W45/><G45/><T5/><D5/><U95/><E95/><V132/><F132/><W2/><G2/><RYUUKYOKU ba="1,1" sc="230,-15,275,15,235,-15,250,15" hai1="19,23,24,55,58,63,74,76,83,92,99,108,110" hai3="9,10,13,17,18,22,26,30,59,61,64,100,102" /><INIT seed="1,2,1,1,5,61" ten="215,290,220,265" oya="1" hai0="3,118,45,40,63,119,0,108,54,92,1,76,102" hai1="120,51,34,32,5,86,55,113,107,114,22,24,94" hai2="36,67,116,130,17,68,48,112,19,39,33,38,14" hai3="41,84,57,123,127,21,124,35,71,135,4,30,79"/><U6/><E107/><V9/><F116/><W104/><G71/><T12/><D108/><U115/><E120/><V91/><F130/><W27/><G123/><T74/><D12/><U29/><E34/><V77/><F112/><W111/><G104/><T105/><D92/><U46/><REACH who="1" step="1"/><E32/><REACH who="1" ten="215,280,220,265" step="2"/><V13/><F33/><W73/><G35/><T15/><D105/><U80/><E80/><V31/><F36/><W10/><G111/><T50/><D119/><U11/><E11/><V53/><F38/><W88/><G10/><T126/><D118/><U78/><E78/><V66/><F39/><W60/><G79/><T82/><D82/><U59/><E59/><V132/><F77/><W117/><G57/><T52/><D76/><U42/><E42/><V58/><F68/><W122/><G41/><T18/><D40/><U85/><E85/><V72/><F72/><W99/><G73/><T69/><D74/><U23/><E23/><N who="2" m="11695" /><F132/><W25/><G135/><T103/><D69/><U100/><E100/><V49/><F9/><W90/><G122/><T128/><D128/><U20/><E20/><N who="2" m="11383" /><F91/><AGARI ba="2,2" hai="5,6,22,24,29,46,51,55,86,91,94,113,114,115" machi="91" ten="40,3900,0" yaku="1,1,53,1" doraHai="61" doraHaiUra="44" who="1" fromWho="2" sc="215,0,280,65,220,-45,265,0" /><INIT seed="1,3,0,5,5,58" ten="215,345,175,265" oya="1" hai0="56,123,20,21,101,91,85,115,23,135,76,54,86" hai1="42,126,106,65,18,105,109,93,44,11,67,53,87" hai2="52,2,81,24,89,100,71,8,133,77,111,110,107" hai3="19,78,98,48,112,69,125,131,122,92,1,15,129"/><U6/><E126/><V74/><F71/><W27/><G1/><T17/><D115/><U88/><E53/><V79/><F24/><W116/><G122/><T57/><D123/><U94/><E109/><N who="2" m="41483" /><F2/><W36/><G36/><T134/><D101/><U117/><E117/><V103/><F8/><W33/><G69/><T40/><D40/><U31/><E31/><V22/><F22/><N who="0" m="8810" /><D76/><U113/><E18/><V16/><F133/><N who="0" m="50698" /><D91/><U108/><E113/><V72/><F16/><W128/><G112/><T97/><D97/><U4/><E108/><V118/><F118/><W29/><G125/><T59/><D54/><U32/><E32/><V46/><F107/><W12/><G116/><T130/><D130/><U66/><E105/><V104/><F104/><W73/><G48/><T26/><AGARI ba="3,0" hai="17,23,26,56,57,59,85,86" m="50698,8810" machi="26" ten="40,1500,0" yaku="20,1" doraHai="58" who="0" fromWho="0" sc="215,24,345,-10,175,-7,265,-7" /><INIT seed="2,0,0,3,0,30" ten="239,335,168,258" oya="2" hai0="81,19,12,24,104,132,9,84,122,105,85,26,121" hai1="110,58,99,124,113,131,96,17,106,32,34,6,16" hai2="97,47,15,41,18,125,107,120,87,127,130,101,73" hai3="90,67,7,126,129,35,116,94,123,78,52,92,112"/><V0/><F120/><W70/><G116/><T10/><D132/><U60/><E113/><V22/><F73/><W11/><G123/><T29/><D29/><U14/><E6/><V3/><F130/><W133/><G126/><N who="2" m="48137" /><F87/><W83/><G133/><T98/><D12/><U37/><E37/><AGARI ba="0,0" hai="0,3,15,18,22,37,41,47,97,101,107" m="48137" machi="37" ten="30,1500,0" yaku="18,1" doraHai="30" who="2" fromWho="1" sc="239,0,335,-15,168,15,258,0" /><INIT seed="2,1,0,5,0,59" ten="239,320,183,258" oya="2" hai0="72,119,63,45,125,79,18,105,90,71,56,68,14" hai1="12,76,77,9,97,133,82,83,51,42,66,92,70" hai2="37,108,60,126,104,88,33,87,46,10,15,116,58" hai3="80,8,7,2,93,52,24,113,3,130,101,123,109"/><V75/><F116/><W4/><G123/><T132/><D105/><U106/><E106/><V78/><F104/><W129/><G80/><T85/><D119/><U39/><E39/><V41/><F33/><W131/><G109/><T32/><D32/><U38/><E38/><V135/><F108/><W111/><G111/><T40/><D79/><U44/><E133/><V91/><F135/><W134/><G134/><T5/><D5/><U117/><E117/><V86/><F126/><W48/><G113/><T30/><D30/><U65/><E82/><V98/><F75/><W120/><G24/><T11/><D72/><U13/><E13/><V103/><F78/><W112/><G112/><T115/><D125/><U43/><E43/><V102/><F86/><W28/><G28/><T26/><D26/><U122/><E122/><V62/><F98/><N who="3" m="59599" /><G120/><T64/><D115/><U1/><E1/><N who="3" m="10" /><G8/><T73/><D73/><U35/><E35/><V25/><F25/><W27/><G27/><T118/><D118/><U49/><E49/><V6/><F91/><W128/><N who="3" m="32768" /><DORA hai="54" /><W96/><G96/><T81/><REACH who="0" step="1"/><D132/><REACH who="0" ten="229,320,183,258" step="2"/><U89/><E76/><V114/><F114/><W34/><G34/><T95/><D95/><U21/><E83/><V29/><F29/><W31/><G31/><T107/><D107/><U74/><E77/><V121/><F121/><W99/><G99/><T100/><D100/><U50/><E74/><V67/><REACH who="2" step="1"/><F62/><REACH who="2" ten="229,320,173,258" step="2"/><W23/><G23/><T22/><D22/><U19/><E21/><V69/><F69/><W53/><G7/><T61/><D61/><U55/><E70/><RYUUKYOKU ba="1,2" sc="229,10,320,10,173,10,258,-30" hai0="11,14,18,40,45,56,63,64,68,71,81,85,90" hai1="9,12,19,42,44,50,51,55,65,66,89,92,97" hai2="6,10,15,37,41,46,58,60,67,87,88,102,103" /><INIT seed="2,2,2,2,5,53" ten="239,330,183,228" oya="2" hai0="14,72,30,115,63,127,55,16,59,111,116,20,134" hai1="110,106,7,94,45,23,18,67,128,5,78,107,84" hai2="26,2,91,74,64,131,48,58,19,15,105,44,75" hai3="39,36,121,13,0,133,57,123,49,99,113,77,96"/><V114/><F114/><W90/><G0/><T22/><D72/><U126/><E110/><V33/><F2/><W52/><G133/><T108/><D115/><U124/><E128/><V65/><F131/><W21/><G113/><T71/><D134/><U76/><E67/><V73/><F105/><N who="1" m="39945" /><E45/><V31/><F91/><W122/><G77/><N who="1" m="29802" /><E84/><V37/><F37/><W112/><G112/><T81/><D81/><U100/><E94/><V101/><F101/><W117/><G117/><T97/><D97/><U25/><E100/><V86/><F86/><W109/><G99/><T27/><D116/><U83/><E83/><V129/><F129/><W120/><N who="3" m="30720" /><DORA hai="50" /><W88/><G96/><T10/><D71/><U68/><E68/><V43/><REACH who="2" step="1"/><F58/><REACH who="2" ten="239,330,173,228" step="2"/><W54/><G109/><N who="0" m="42059" /><D127/><AGARI ba="2,3" hai="5,7,18,23,25,124,126,127" m="29802,39945" machi="127" ten="30,1000,0" yaku="18,1" doraHai="53,50" who="1" fromWho="0" sc="239,-16,330,46,173,0,228,0" /><INIT seed="3,0,0,5,2,74" ten="223,376,173,228" oya="3" hai0="52,73,117,68,19,8,121,36,113,76,9,16,43" hai1="48,118,40,58,65,82,27,17,14,60,50,63,102" hai2="29,120,28,44,109,95,62,7,2,78,96,98,55" hai3="12,86,91,21,0,32,5,122,22,37,61,6,69"/><W59/><G32/><T132/><D121/><U94/><E118/><V89/><F120/><W133/><G0/><T1/><D117/><U51/><E27/><V131/><F109/><W56/><G122/><T90/><D68/><U4/><E60/><V99/><F131/><W103/><G69/><T77/><D132/><U72/><E4/><V3/><F3/><W42/><G103/><T26/><D113/><U104/><E104/><V129/><F129/><W100/><G100/><T114/><D114/><U83/><E40/><V31/><F2/><W24/><G133/><T45/><D90/><U38/><E38/><V123/><F7/><W30/><G37/><T34/><D52/><U13/><E72/><V15/><F123/><W112/><G59/><T35/><D35/><U119/><E13/><V127/><F127/><W54/><G42/><T110/><D110/><U108/><E119/><V125/><F125/><W111/><G111/><T84/><D84/><U93/><E108/><V11/><F11/><W53/><G53/><T25/><D9/><N who="1" m="6351" /><E93/><V79/><F15/><W126/><G126/><T64/><D64/><U128/><E128/><V67/><F67/><W23/><G112/><T116/><D116/><U87/><E87/><N who="2" m="52671" /><F62/><W97/><G97/><AGARI ba="0,0" hai="48,50,51,58,63,65,82,83,94,97,102" m="6351" machi="97" ten="30,1000,0" yaku="8,1" doraHai="74" who="1" fromWho="3" sc="223,0,376,10,173,0,228,-10" /><INIT seed="4,0,0,2,2,23" ten="223,386,173,218" oya="0" hai0="99,105,100,37,3,70,16,71,31,112,86,46,84" hai1="134,30,77,24,32,67,114,83,35,53,122,28,51" hai2="91,49,41,60,98,59,64,120,81,6,33,116,62" hai3="74,27,36,25,101,125,115,124,5,66,2,69,42"/><T80/><D3/><U82/><E122/><V110/><F33/><W14/><G2/><T57/><D31/><U56/><E134/><V0/><F110/><W55/><G74/><T29/><D29/><U43/><E114/><V102/><F120/><W126/><G115/><T106/><D106/><U76/><E43/><V39/><F39/><W38/><G55/><T109/><D109/><U104/><E104/><V4/><F0/><W95/><G5/><T130/><D112/><U47/><E77/><V18/><F116/><W96/><G14/><T94/><D130/><U127/><E127/><V73/><F73/><W54/><G54/><T89/><D57/><U40/><E67/><V19/><F62/><N who="3" m="40151" /><G42/><T13/><D46/><U88/><E76/><V132/><F132/><W123/><G123/><T65/><D65/><U22/><E30/><V97/><F41/><W9/><G9/><T85/><D37/><AGARI ba="0,0" hai="25,27,36,37,38,95,96,101,124,125,126" m="40151" machi="37" ten="40,5200,0" yaku="18,1,52,2" doraHai="23" who="3" fromWho="0" sc="223,-52,386,0,173,0,218,52" /><INIT seed="5,0,0,1,4,93" ten="171,386,173,270" oya="1" hai0="18,28,3,127,57,121,13,102,12,65,85,110,9" hai1="1,90,133,105,119,16,36,97,23,69,71,98,40" hai2="131,92,60,5,135,78,54,24,6,114,76,87,113" hai3="84,104,59,70,39,51,48,4,120,116,26,86,0"/><U41/><E119/><V38/><F135/><W2/><G70/><T8/><D110/><U35/><E35/><V124/><F124/><W101/><G39/><T129/><D3/><U112/><E1/><V130/><F38/><W31/><G104/><T100/><D127/><U82/><E112/><N who="2" m="43115" /><F24/><W122/><G101/><T132/><D129/><N who="2" m="49162" /><F92/><W61/><G26/><T128/><D128/><U14/><E133/><V64/><F54/><W11/><G31/><T33/><D132/><U37/><E37/><V88/><F78/><W21/><G21/><T56/><D121/><U25/><E25/><V45/><F45/><W19/><G11/><T81/><D28/><U46/><E41/><V32/><F32/><W134/><G134/><T95/><D33/><U125/><E125/><V109/><F109/><W118/><G19/><N who="0" m="8583" /><D65/><U72/><E105/><V44/><F44/><W15/><G15/><T34/><D34/><U123/><E123/><V106/><F106/><W80/><G80/><T83/><D83/><U103/><E82/><N who="2" m="49271" /><F76/><W10/><G120/><T79/><D95/><U99/><E36/><V111/><F111/><W62/><G122/><T52/><D56/><AGARI ba="0,0" hai="5,6,56,60,64" m="49271,49162,43115" machi="56" ten="30,7700,0" yaku="15,1,11,1,19,1,54,1" doraHai="93" who="2" fromWho="0" sc="171,-77,386,0,173,77,270,0" /><INIT seed="6,0,0,1,5,45" ten="94,386,250,270" oya="2" hai0="79,43,37,131,2,84,30,130,53,105,122,120,87" hai1="22,76,33,100,81,78,107,19,20,104,23,8,1" hai2="129,95,61,121,83,92,49,52,96,127,54,118,65" hai3="75,57,44,93,106,85,59,14,56,94,68,82,134"/><V135/><F118/><W114/><G106/><T69/><D2/><U5/><E33/><V112/><F121/><W13/><G75/><T10/><D30/><U63/><E63/><V17/><F112/><W67/><G68/><T62/><D10/><U109/><E109/><V42/><F129/><W60/><G134/><T117/><D105/><U97/><E104/><V91/><F135/><W34/><G34/><T101/><D101/><U41/><E41/><V111/><F127/><W24/><G24/><T15/><D15/><N who="3" m="5641" /><G44/><T12/><D12/><U40/><E40/><V50/><F17/><W71/><G71/><T58/><D79/><U25/><E76/><V70/><F111/><W31/><G31/><T3/><D3/><U7/><E5/><V133/><F133/><W38/><G38/><T77/><D77/><U88/><E88/><V99/><F83/><W116/><G116/><T36/><D117/><U51/><E81/><V108/><F108/><W89/><G114/><T98/><D98/><U86/><E86/><N who="0" m="32809" /><D69/><U4/><E4/><V35/><F35/><W64/><G60/><T125/><D125/><U29/><E19/><V115/><F115/><W90/><G90/><T119/><D119/><U32/><E78/><V27/><F27/><W0/><G0/><T16/><D16/><U128/><E128/><N who="0" m="49193" /><D36/><U102/><E102/><N who="2" m="60679" /><F42/><W18/><G18/><T66/><D66/><AGARI ba="0,0" hai="56,57,59,64,66,67,82,85,89,93,94" m="5641" machi="66" ten="30,1000,0" yaku="8,1" doraHai="45" who="3" fromWho="0" sc="94,-10,386,0,250,0,270,10" /><INIT seed="7,0,0,2,0,69" ten="84,386,250,280" oya="3" hai0="9,31,127,22,30,97,13,54,51,133,124,64,90" hai1="67,0,103,83,112,86,33,116,20,119,58,21,128" hai2="44,111,130,46,89,50,109,100,93,82,105,1,39" hai3="55,120,135,45,52,10,104,134,73,132,63,66,32"/><W56/><G32/><T36/><D133/><U5/><E33/><V38/><F1/><W2/><G120/><T95/><D124/><U79/><E112/><V108/><F130/><W85/><G73/><T49/><D127/><U3/><E128/><V98/><F82/><W126/><G126/><T12/><D36/><U88/><E103/><V34/><F34/><W15/><G104/><T121/><D121/><U70/><E70/><V4/><F4/><W118/><G118/><N who="1" m="45098" /><E79/><V131/><F131/><W102/><G102/><T123/><D64/><U99/><E99/><V17/><F17/><W62/><G2/><N who="1" m="554" /><E5/><V40/><REACH who="2" step="1"/><F46/><REACH who="2" ten="84,386,240,280" step="2"/><W57/><G45/><T65/><D123/><U35/><E35/><V24/><F24/><W8/><G85/><AGARI ba="0,1" hai="38,39,40,44,50,85,89,93,98,100,105,108,109,111" machi="85" ten="40,5200,0" yaku="1,1,52,2,53,0" doraHai="69" doraHaiUra="29" who="2" fromWho="3" sc="84,0,386,0,240,62,280,-52" owari="84,-41.6,386,48.6,302,10.2,228,-17.2" /></mjloggm>