<mjloggm ver="2.3"><GO type="185" lobby="0"/><UN n0="%E8%92%BC%E6%9C%88%E2%98%85%2E%63%6F%6D" n1="%E6%A8%BD%E3%81%AA%E3%81%AE%E5%A3%8A%E3%81%95%E3%81%AA%E3%81%84%E3%81%A7" n2="%E3%81%8F%E3%81%BE%E3%81%95%E3%82%93%52" n3="" dan="16,16,17,0" rate="2237.44,2180.46,2219.21,1500.00" sx="M,M,M,C"/><TAIKYOKU oya="0"/><INIT seed="0,0,0,1,1,74" ten="350,350,350,0" oya="0" hai0="79,72,64,103,55,87,68,38,91,107,49,78,119" hai1="34,36,59,58,106,113,124,102,105,96,51,127,35" hai2="53,47,37,63,110,117,41,81,62,48,73,50,3" hai3=""/><T99/><D119/><U115/><E36/><V67/><F3/><T93/><D38/><U33/><E51/><V130/><F110/><T135/><D135/><U60/><E106/><V121/><N who="2" m="31008" /><V125/><F125/><T116/><D116/><U2/><E2/><V54/><F130/><T85/><D85/><U77/><E77/><V126/><F126/><N who="1" m="48169" /><E59/><V82/><F117/><T92/><D107/><U52/><AGARI ba="0,0" hai="33,34,35,52,58,60,96,102,105,113,115" m="48169" machi="52" ten="40,2000,0" yaku="18,1,54,1" doraHai="74" who="1" fromWho="1" sc="350,-13,350,20,350,-7,0,0" /><INIT seed="1,0,0,2,4,89" ten="337,370,343,0" oya="1" hai0="73,121,70,126,130,2,87,118,75,59,100,102,37" hai1="115,104,49,96,66,58,120,52,134,131,50,56,123" hai2="88,48,133,124,34,55,63,44,112,74,42,67,38" hai3=""/><U32/><N who="1" m="30752" /><U40/><N who="1" m="31520" /><U108/><E115/><V72/><F34/><T95/><N who="0" m="31008" /><T47/><D70/><U94/><E32/><V60/><F124/><T43/><D126/><U71/><E134/><V1/><F1/><T98/><D2/><U107/><E131/><V113/><F133/><T77/><D130/><U92/><E108/><V51/><F74/><T85/><D118/><U106/><E96/><V103/><F72/><T90/><D102/><U78/><E78/><V79/><F79/><T54/><D85/><U46/><REACH who="1" step="1"/><E56/><REACH who="1" ten="337,360,343,0" step="2"/><V111/><F111/><T105/><REACH who="0" step="1"/><D77/><REACH who="0" ten="327,360,343,0" step="2"/><U64/><E64/><V62/><F67/><T114/><D114/><U82/><E82/><V41/><F113/><T117/><D117/><U109/><E109/><V65/><F112/><T69/><D69/><U3/><E3/><V33/><F33/><T83/><D83/><U91/><E91/><V116/><F116/><T125/><D125/><U99/><E99/><V135/><F65/><T57/><D57/><U127/><E127/><V61/><F135/><T86/><D86/><U97/><E97/><V122/><F88/><T119/><D119/><U68/><E68/><V129/><N who="2" m="31264" /><V84/><N who="2" m="15360" /><DORA hai="45" /><V132/><F129/><RYUUKYOKU ba="0,2" sc="327,10,360,10,343,-20,0,0" hai0="37,43,47,54,59,73,75,87,90,95,98,100,105" hai1="40,46,49,50,52,58,66,71,92,94,104,106,107" /><INIT seed="1,1,2,1,2,59" ten="337,370,323,0" oya="1" hai0="78,70,0,128,113,116,125,96,74,61,98,99,43" hai1="50,44,135,121,92,33,90,111,109,110,72,106,3" hai2="100,119,69,102,67,55,40,124,37,62,83,122,117" hai3=""/><U42/><N who="1" m="31008" /><U58/><E33/><V127/><N who="2" m="31264" /><V79/><F102/><T54/><D0/><U80/><E3/><V133/><F100/><T129/><D113/><U105/><E135/><V60/><F133/><T57/><D116/><N who="2" m="44618" /><F79/><T48/><D125/><N who="2" m="48202" /><F83/><T65/><REACH who="0" step="1"/><D43/><REACH who="0" ten="327,370,323,0" step="2"/><U35/><E35/><V104/><F104/><T114/><D114/><U32/><E32/><V41/><F37/><T88/><D88/><U130/><E130/><V66/><F55/><T126/><D126/><U94/><E106/><V34/><F34/><T39/><D39/><U75/><E105/><V134/><F134/><T46/><D46/><U107/><E107/><V73/><F73/><N who="1" m="28233" /><E80/><AGARI ba="1,3" hai="48,54,57,61,65,70,74,78,80,96,98,99,128,129" machi="80" ten="40,5200,0" yaku="1,1,52,1,53,1" doraHai="59" doraHaiUra="77" who="0" fromWho="1" sc="327,84,370,-54,323,0,0,0" /><INIT seed="2,0,0,2,4,60" ten="411,316,323,0" oya="2" hai0="73,56,83,124,50,131,46,44,64,115,57,2,128" hai1="130,66,85,109,3,113,78,40,118,134,94,33,126" hai2="58,106,75,34,103,45,119,48,61,0,70,79,117" hai3=""/><V65/><F34/><T47/><D2/><U97/><E3/><V63/><F0/><T96/><D124/><U59/><E33/><V49/><F106/><T98/><D115/><U41/><E113/><V129/><F103/><T36/><D36/><U1/><E1/><V84/><F129/><T116/><D116/><U43/><E130/><V95/><F75/><T81/><D47/><U91/><E126/><V69/><F79/><T90/><D50/><U42/><E118/><N who="2" m="45067" /><F84/><T54/><D54/><U87/><E42/><V102/><F95/><T72/><REACH who="0" step="1"/><D90/><REACH who="0" ten="401,316,323,0" step="2"/><U80/><E41/><V100/><F100/><T122/><N who="0" m="31264" /><T39/><D39/><U107/><E40/><V53/><F102/><T101/><D101/><U104/><E43/><V55/><F49/><T112/><D112/><U111/><E104/><V125/><F125/><T114/><D114/><U88/><E107/><V38/><F38/><T51/><D51/><U68/><E91/><V93/><F93/><T32/><D32/><U135/><E94/><V52/><F55/><T99/><D99/><U35/><E97/><V86/><F86/><T82/><D82/><U74/><E87/><V62/><F62/><T105/><D105/><U110/><E85/><V121/><F121/><RYUUKYOKU ba="0,1" sc="401,10,316,-20,323,10,0,0" hai0="44,46,56,57,64,72,73,81,83,96,98,128,131" hai2="45,48,52,53,58,61,63,65,69,70" /><INIT seed="2,1,1,4,4,99" ten="411,296,333,0" oya="2" hai0="45,108,100,34,105,111,97,66,47,35,38,3,106" hai1="0,104,75,2,33,39,98,64,119,102,58,122,65" hai2="63,85,51,67,93,96,123,68,110,36,86,118,94" hai3=""/><V131/><N who="2" m="31520" /><V114/><F118/><T90/><D3/><U32/><N who="1" m="31264" /><U82/><E39/><V128/><F36/><T57/><D90/><U1/><E119/><V42/><F114/><T132/><D132/><U78/><REACH who="1" step="1"/><E58/><REACH who="1" ten="411,286,333,0" step="2"/><V44/><F110/><T127/><D38/><U52/><E52/><V125/><F125/><T92/><D127/><U74/><E74/><V40/><F40/><T48/><D111/><U95/><E95/><V60/><F94/><T103/><D108/><U117/><E117/><V124/><F124/><T69/><D57/><U50/><E50/><V46/><F63/><T113/><D48/><U54/><E54/><V107/><F107/><T126/><D126/><U91/><E91/><V87/><REACH who="2" step="1"/><F46/><REACH who="2" ten="411,286,323,0" step="2"/><T61/><D92/><U80/><E80/><V133/><F133/><T89/><D47/><U70/><E70/><V53/><F53/><T49/><D45/><U120/><N who="1" m="30752" /><U83/><E83/><V71/><F71/><T79/><D69/><U129/><E129/><V76/><F76/><T59/><D79/><U84/><E84/><V116/><F116/><T115/><D106/><U121/><N who="1" m="31008" /><U62/><E62/><V81/><F81/><T77/><D105/><U72/><E72/><RYUUKYOKU ba="1,3" sc="411,-20,286,10,323,10,0,0" hai1="0,1,2,32,33,64,65,75,78,82,98,102,104" hai2="42,44,51,60,67,68,85,86,87,93,96,128,131" /><INIT seed="2,2,3,5,2,80" ten="391,296,333,0" oya="2" hai0="81,42,88,133,116,109,43,118,129,103,45,44,99" hai1="76,53,92,49,57,101,59,90,122,71,97,104,35" hai2="34,38,41,61,1,79,85,46,123,108,39,50,48" hai3=""/><V131/><N who="2" m="31520" /><V91/><F34/><T74/><D109/><U107/><N who="1" m="31264" /><U83/><E71/><V65/><F1/><T33/><D33/><U110/><E110/><V93/><F108/><T100/><D129/><U55/><E101/><V62/><F131/><T128/><D128/><U82/><E82/><V2/><F2/><T40/><D133/><U0/><E0/><V56/><F38/><T98/><D74/><U73/><REACH who="1" step="1"/><E35/><REACH who="1" ten="391,286,333,0" step="2"/><V63/><F63/><AGARI ba="2,4" hai="49,53,55,57,59,63,73,76,83,90,92,97,104,107" m="31264" machi="63" ten="30,12000,2" yaku="1,1,2,1,7,1,52,1,53,2" doraHai="80" doraHaiUra="54" who="1" fromWho="2" sc="391,0,286,164,333,-124,0,0" /><INIT seed="4,0,0,4,2,86" ten="391,450,209,0" oya="0" hai0="135,122,101,35,76,33,0,110,59,112,42,99,40" hai1="69,84,114,90,83,63,73,111,108,123,75,55,107" hai2="37,116,36,66,103,3,1,82,68,132,117,109,89" hai3=""/><T105/><N who="0" m="31264" /><T97/><D112/><U72/><N who="1" m="31520" /><U67/><E114/><V49/><F109/><T39/><D110/><U61/><REACH who="1" step="1"/><E107/><REACH who="1" ten="391,440,209,0" step="2"/><V131/><F3/><T58/><D0/><U60/><E60/><V47/><F1/><T92/><D35/><U48/><E48/><V128/><F49/><T124/><D33/><U71/><E71/><V121/><F68/><T94/><D105/><U96/><E96/><V65/><N who="2" m="31008" /><V95/><F36/><T115/><D39/><U133/><E133/><V113/><F132/><T74/><D115/><U2/><E2/><V51/><F113/><T120/><D135/><U106/><E106/><V91/><F37/><T125/><N who="0" m="30752" /><T102/><D76/><U32/><E32/><V126/><F51/><T50/><D50/><U79/><E79/><V100/><F117/><T43/><D74/><U70/><E70/><V88/><F116/><T119/><D119/><U134/><E134/><V46/><F131/><T104/><D104/><U56/><AGARI ba="0,1" hai="55,56,61,63,67,69,72,73,75,83,84,90,108,111" m="31520" machi="56" ten="40,6000,1" yaku="1,1,0,1,52,2,53,0" doraHai="86" doraHaiUra="93" who="1" fromWho="1" sc="391,-40,440,70,209,-20,0,0" /><INIT seed="5,0,0,3,0,35" ten="351,510,189,0" oya="1" hai0="36,130,38,65,82,113,71,0,51,127,103,102,75" hai1="52,58,77,74,88,37,101,47,86,87,122,69,39" hai2="42,61,100,95,135,110,111,79,84,72,119,118,124" hai3=""/><U43/><N who="1" m="31264" /><U85/><E69/><V63/><F42/><T96/><D113/><U60/><E37/><V46/><F46/><T70/><D130/><U104/><E74/><V89/><F63/><T121/><N who="0" m="31008" /><T59/><D127/><U41/><E77/><V123/><N who="2" m="31520" /><V91/><F61/><T1/><D75/><U33/><E43/><V48/><F48/><T92/><D82/><U57/><E33/><V54/><F54/><T62/><D102/><U80/><E104/><V109/><F124/><T94/><D94/><U64/><E101/><V81/><F135/><T40/><D71/><U93/><E93/><V133/><F133/><T68/><D68/><U115/><E115/><V55/><F55/><T32/><D32/><U73/><E73/><V66/><F66/><T114/><D114/><U126/><E126/><V134/><F134/><T105/><D105/><U132/><E132/><V120/><N who="2" m="30752" /><V45/><F45/><T90/><D103/><U83/><E83/><V107/><F89/><T53/><D38/><U3/><E3/><V129/><F129/><T97/><D97/><AGARI ba="0,0" hai="72,79,81,84,91,95,97,100,107,109,110,111,118,119" m="30752,31520" machi="97" ten="40,12000,2" yaku="24,2,34,3,52,2" doraHai="35" who="2" fromWho="0" sc="351,-120,510,0,189,120,0,0" /><INIT seed="6,0,0,0,5,69" ten="231,510,309,0" oya="2" hai0="94,112,58,41,92,75,80,54,83,71,101,47,111" hai1="55,99,81,98,121,60,129,113,36,85,66,132,37" hai2="125,100,56,82,96,48,97,73,135,126,43,133,84" hai3=""/><V91/><F43/><T117/><D111/><U39/><N who="1" m="31008" /><U122/><N who="1" m="31264" /><U103/><E132/><N who="2" m="50763" /><F56/><T115/><D71/><U110/><E110/><V52/><F48/><T1/><D1/><U65/><E129/><V2/><F52/><T46/><D117/><U107/><E99/><N who="2" m="37963" /><F2/><T105/><D105/><U67/><E113/><V120/><N who="2" m="30752" /><V61/><F61/><T50/><D101/><U106/><E55/><V76/><F100/><T35/><D35/><U0/><E0/><V77/><F77/><T114/><D47/><U63/><E107/><V87/><F73/><T49/><REACH who="0" step="1"/><D75/><REACH who="0" ten="221,510,309,0" step="2"/><U62/><E106/><V74/><F74/><T109/><D109/><U131/><E103/><V72/><F72/><T3/><D3/><U38/><N who="1" m="9216" /><DORA hai="124" /><U70/><E70/><V40/><F40/><T34/><D34/><U95/><E67/><V68/><F68/><T57/><D57/><U33/><E66/><V90/><F90/><T127/><D127/><U51/><E65/><V104/><F104/><T119/><D119/><U118/><E118/><V123/><N who="2" m="31520" /><V64/><F64/><T108/><D108/><U86/><E33/><V116/><F116/><T89/><D89/><U44/><E44/><V45/><F126/><RYUUKYOKU ba="0,1" sc="221,20,510,-10,309,-10,0,0" hai0="41,46,49,50,54,58,80,83,92,94,112,114,115" owari="241,-35.9,510,46.0,299,-10.1,0,0.0" /></mjloggm>