<mjloggm ver="2.3"><GO type="241" lobby="0"/><UN n0="%73%69%67%65%6E%6F%72%69" n1="%E2%98%86%E5%AD%AB%E7%87%95%E5%A7%BF%E2%98%86" n2="%52%65%65%72%61" n3="" dan="20,18,16,0" rate="2333.72,2271.77,2135.41,1500.00" sx="M,M,M,C"/><TAIKYOKU oya="0"/><INIT seed="0,0,0,3,1,81" ten="350,350,350,0" oya="0" hai0="1,36,41,85,129,133,72,119,49,45,84,124,47" hai1="58,52,101,70,48,79,134,95,98,88,125,62,104" hai2="123,118,132,99,109,34,2,94,111,44,130,117,46" hai3=""/><T59/><D119/><N who="2" m="45578" /><F2/><T115/><D115/><U75/><E125/><V38/><N who="2" m="31520" /><V3/><F3/><T0/><D124/><U114/><E114/><V126/><F126/><T37/><D72/><U105/><E134/><V51/><F132/><T57/><D133/><U86/><E79/><V61/><F34/><T122/><N who="0" m="31264" /><T60/><D49/><U65/><REACH who="1" step="1"/><E75/><REACH who="1" ten="350,340,350,0" step="2"/><V33/><F33/><T103/><D129/><U108/><E108/><V32/><F130/><T135/><D135/><U54/><E54/><V76/><F32/><T110/><D110/><U71/><E71/><V112/><F76/><T42/><D103/><U55/><E55/><V120/><N who="2" m="30752" /><V80/><F112/><T92/><D60/><U35/><E35/><V127/><F61/><T100/><D100/><U128/><E128/><V56/><F127/><T83/><D83/><AGARI ba="0,1" hai="48,52,58,62,65,70,83,86,88,95,98,101,104,105" machi="83" ten="30,12000,2" yaku="1,1,7,1,52,1,54,2,53,1" doraHai="81" doraHaiUra="64" who="1" fromWho="0" sc="350,-120,340,130,350,0,0,0" /><INIT seed="1,0,0,0,2,102" ten="230,470,350,0" oya="1" hai0="79,87,120,35,66,38,83,100,46,105,43,111,114" hai1="92,89,40,129,62,75,127,41,98,115,94,2,58" hai2="73,126,117,131,59,106,108,69,67,63,118,33,133" hai3=""/><U39/><E2/><V0/><RYUUKYOKU type="yao9" ba="0,0" sc="230,0,470,0,350,0,0,0" hai2="0,33,59,63,67,69,73,106,108,117,118,126,131,133" /><INIT seed="1,1,0,3,0,54" ten="230,470,350,0" oya="1" hai0="102,94,108,126,73,86,90,118,87,116,1,68,107" hai1="59,124,88,85,72,78,45,112,119,75,131,57,114" hai2="33,93,67,101,89,128,79,111,40,49,44,83,110" hai3=""/><U62/><E119/><N who="0" m="45609" /><D68/><U65/><E131/><V60/><F128/><T52/><D1/><U123/><N who="1" m="31520" /><U80/><E124/><V77/><F101/><T41/><D41/><U109/><E109/><N who="2" m="41483" /><F83/><T70/><D70/><U91/><E91/><V51/><F51/><T58/><D108/><U96/><E96/><V42/><F42/><T106/><D73/><U113/><E45/><V135/><F135/><T66/><D126/><U95/><REACH who="1" step="1"/><E75/><REACH who="1" ten="230,460,350,0" step="2"/><V104/><F89/><T47/><D90/><U82/><E82/><V50/><F44/><T35/><D87/><U43/><E43/><V48/><F40/><T92/><D86/><U63/><E63/><V69/><F60/><T115/><D47/><U122/><N who="1" m="31264" /><U55/><E55/><V127/><F49/><T76/><D52/><U38/><E38/><V105/><F50/><T36/><D36/><U125/><E125/><V81/><F48/><T97/><D97/><U121/><N who="1" m="31008" /><U61/><E61/><V129/><F81/><T98/><D98/><U132/><E132/><V117/><F127/><T2/><D102/><U133/><E133/><V103/><F103/><T84/><D84/><U130/><E130/><V99/><F129/><T37/><D37/><U34/><E34/><RYUUKYOKU ba="1,1" sc="230,-10,460,20,350,-10,0,0" hai1="57,59,62,65,72,78,80,85,88,95,112,113,114" /><INIT seed="1,2,1,4,2,68" ten="220,480,340,0" oya="1" hai0="114,93,101,132,106,94,51,76,37,47,103,78,32" hai1="40,77,110,64,131,33,61,117,133,126,53,36,85" hai2="39,80,97,99,45,89,113,75,96,111,119,135,128" hai3=""/><U88/><E117/><V83/><F119/><T38/><D106/><U42/><E33/><V91/><F111/><T57/><D132/><U62/><E133/><V71/><F135/><T34/><D57/><U92/><E131/><V82/><F128/><T112/><D51/><U59/><E126/><V109/><F109/><T95/><D94/><U87/><E36/><V43/><F113/><T44/><AGARI ba="2,1" hai="32,34,37,38,44,47,76,78,93,95,101,103,112,114" machi="44" ten="25,6000,1" yaku="0,1,22,2,52,2" doraHai="68" who="0" fromWho="0" sc="220,74,480,-42,340,-22,0,0" /><INIT seed="2,0,0,1,5,126" ten="294,438,318,0" oya="2" hai0="122,79,98,91,125,81,123,52,131,134,88,57,114" hai1="69,40,3,65,95,120,94,115,112,60,135,72,36" hai2="103,1,118,82,102,121,124,93,70,75,106,54,45" hai3=""/><V48/><N who="2" m="31008" /><V116/><F1/><T66/><N who="0" m="31264" /><T53/><N who="0" m="31520" /><T97/><D125/><U58/><N who="1" m="30752" /><U73/><E3/><V100/><F124/><T51/><D134/><U127/><E127/><V83/><F106/><T2/><D2/><U80/><E94/><V33/><F33/><T34/><D34/><U86/><E73/><V35/><F35/><T67/><D114/><U39/><E72/><V130/><F70/><T85/><D131/><U37/><E40/><V90/><F130/><T101/><D53/><U99/><E69/><V46/><F46/><T68/><D68/><U109/><E109/><V105/><F105/><T117/><D117/><U76/><REACH who="1" step="1"/><E135/><REACH who="1" ten="294,428,318,0" step="2"/><V55/><F75/><T32/><D32/><U42/><E42/><V89/><F116/><T108/><D108/><U129/><E129/><V49/><F118/><T87/><D98/><U64/><E64/><N who="0" m="24617" /><D85/><U78/><E78/><V56/><F93/><AGARI ba="0,1" hai="51,52,57,79,81,87,88,91,93,97,101" m="24617,31520,31264" machi="93" ten="30,8000,1" yaku="8,1,52,2,54,2" doraHai="126" who="0" fromWho="2" sc="294,90,428,0,318,-80,0,0" owari="384,-1.6,428,37.8,238,-36.2,0,0.0" /></mjloggm>